1862 2964
223 139 271 198 DE
288 139 445 204 osricus,
455 142 516 192 Irru.
529 142 550 190 1.
563 141 626 192 Gur.
638 143 678 190 34.
737 143 783 192 241

114 267 176 316 lium
187 267 279 318 vivendi
293 285 361 318 omne
371 270 500 332 oonnrlerit,
511 270 531 319 is
543 271 694 320 constantiam
710 279 786 320 teneat

114 331 152 385 (id
163 333 226 380 enim
236 334 340 383 maxime
349 336 433 394 decet),
444 335 489 384 nisi
499 335 557 383 forte
570 351 593 382 se
603 335 741 383 intellexerit
751 351 786 382 er-

113 396 178 444 rdsse
196 397 221 444 in
236 397 357 461 deligendo
373 413 455 462 genere
472 399 531 446 vite.
555 399 662 458 Quodsi
680 399 787 447 acciderit
873 413 876 422 ¹

115 464 204 526 (potest
222 470 300 510 sutem
314 463 434 521 occidere),
447 462 550 510 facienda
563 478 656 510 morum
670 463 786 510 instituto-

114 539 217 588 rumque
231 527 329 575 mutatio
342 536 382 575 est.
407 526 470 575 Eam
480 526 641 585 mutationem,
653 526 787 602 sitempora

115 589 271 650 adjuvabunt,
290 591 380 640 facilius
398 591 586 654 commodiusque
604 589 730 642 faciemus
751 605 786 638 sm

113 654 203 715 minus,
216 655 300 703 sensim
311 656 353 703 erit
363 655 548 720 pedetentimque
554 654 675 711 facienda
691 663 718 701 ut
728 655 787 702 smi-

116 717 190 778 cities,
211 735 264 782 quae
280 719 358 768 minus
376 720 496 780 delectent,
514 729 537 766 et
554 718 633 766 minus
650 719 786 780 probentur,

114 782 191 845 magis
201 783 280 832 decere
286 784 499 848 censentsopientes
509 782 593 831 sensim
599 783 708 841 dissuere,
716 797 787 846 quum

114 855 210 910 repente
222 849 351 910 precidere.
373 849 522 897 Commutato
536 855 615 895 autem
627 861 710 910 genere
724 847 786 906 vitae,

115 910 182 958 omni
200 912 288 961 ratione
308 913 436 961 ctuendum
457 921 500 974 est,
517 921 544 960 ut
565 911 590 958 id
611 913 672 960 bono
693 910 787 960 consilio

115 973 197 1023 fecisse
207 975 333 1026 videamur.
780 1009 784 1022 .

121 1073 125 1080 -
149 1039 205 1099 Sed,
224 1041 334 1104 quonian
349 1041 419 1105 paulo
433 1049 486 1090 mre
499 1041 587 1090 dictum
605 1049 647 1103 est,
663 1040 787 1090 imitandos

116 1119 166 1158 esse
175 1106 292 1165 majorem
307 1105 409 1168 primum
422 1106 481 1154 illud
495 1115 616 1169 exceptum
633 1106 671 1164 sit,
685 1121 715 1153 ne
731 1106 786 1153 vitis

117 1167 164 1215 sint
177 1168 306 1228 imitanda;
323 1169 413 1229 deinde,
432 1170 451 1217 si
465 1179 547 1216 nature
557 1185 603 1216 non
618 1170 675 1217 seret
685 1178 712 1216 ut
722 1186 787 1233 quse-

116 1231 172 1280 dsm
182 1232 268 1286 imitari
278 1233 365 1297 possint
375 1237 413 1288 (ut
423 1233 543 1297 superioris
553 1233 660 1281 Africani
667 1233 737 1293 filius,
745 1234 787 1298 qui

116 1293 182 1348 huuc
194 1296 268 1345 Paulo
286 1307 367 1345 uatum
381 1297 507 1360 adoptavit,
522 1305 614 1360 propter
628 1297 786 1344 infirmitatem

118 1361 255 1409 valetudinis
265 1377 313 1413 non
323 1371 371 1414 tam
386 1362 462 1424 potuit
475 1361 637 1424 petrissimilis
647 1375 702 1419 esse,
714 1375 786 1422 quam

117 1423 158 1472 ille
167 1424 243 1474 luerat
253 1427 315 1486 sui);
327 1427 347 1474 si
357 1426 427 1489 igitur
441 1440 487 1472 non
502 1425 585 1486 poterit
599 1423 645 1471 sive
659 1423 786 1471 causesde-

117 1488 234 1550 tensitate,
258 1491 306 1539 sive
329 1490 443 1555 populum
469 1488 614 1536 concionibus
632 1495 717 1546 tenere,
739 1487 787 1535 sive

118 1554 180 1604 bellu
201 1569 294 1617 gererer
325 1557 367 1602 illa
387 1563 465 1602 temen
486 1560 593 1627 prestere
611 1551 710 1612 debebit,
733 1567 786 1614 quae

118 1627 186 1666 erunt
195 1619 220 1664 in
231 1619 302 1683 ipsius
312 1626 430 1682 potestate,
439 1616 561 1678 justiciam,
572 1615 651 1676 fidem,
662 1615 787 1663 liberalita-

117 1689 174 1741 tem,
185 1683 329 1742 modestiam,
340 1682 523 1746 temperantium,
535 1696 582 1744 quo
592 1680 669 1728 minus
678 1681 707 1728 ab
718 1679 784 1740 eoid,

117 1747 181 1810 quod
198 1747 265 1806 desit,
277 1747 412 1810 requiremr.
430 1746 528 1810 Optima
542 1754 619 1793 eutem
634 1744 754 1792 haereditss
771 1760 787 1792 a

117 1811 222 1874 patribus
235 1811 332 1858 traditur
344 1811 429 1871 liberis,
445 1811 554 1874 omnique
570 1809 708 1873 patrimonio
726 1825 786 1872 prae·

117 1874 221 1935 stantior,
243 1875 316 1938 gloria
336 1876 434 1934 virtutis,
455 1890 578 1937 rerumque
595 1882 727 1936 gestarum
749 1872 786 1922 cui

10 1955 13 1966 ·
116 1937 221 1988 dedecori
232 1955 288 2000 esse,
298 1939 362 1988 nefss
371 1948 393 1987 et
403 1939 502 2002 impium
506 1939 658 1998 judicandum
669 1946 709 1984 est.

118 2037 130 2044 ..
147 2003 271 2052 XXXIV.
288 2003 330 2063 Et,
342 2001 532 2066 quoniamnffleis
541 2016 588 2048 non
598 2002 679 2048 eadem
689 1999 785 2063 disperi-

116 2068 161 2115 bus
171 2067 276 2116 {statibus
286 2068 428 2125 tribuuntur,
444 2066 534 2128 nlieque
545 2073 599 2112 sunt
606 2066 728 2124 juvenum,
740 2063 786 2110 alia

117 2130 250 2187 seniorums
267 2132 356 2196 aliquid
368 2131 437 2179 etiam
451 2130 479 2176 de
493 2128 537 2175 hac
551 2127 694 2174 distinctione
710 2127 786 2172 dicen·
832 2179 834 2183 Α

118 2195 175 2242 dum
186 2203 227 2242 est.
244 2195 288 2244 Est
298 2197 369 2259 igitur
379 2193 534 2249 adolescentis,
545 2191 642 2252 majores
653 2198 710 2236 netu
724 2204 788 2238 vere-

115 2259 147 2318 ri,
159 2275 234 2322 exque
244 2259 280 2308 his
290 2260 388 2324 deligere
398 2258 496 2323 optimos
507 2265 530 2303 et
539 2254 718 2318 probatissimos,
730 2268 788 2316 quo-

87 2359 90 2362 -
119 2338 172 2370 rum
179 2323 352 2387 consilioatque
363 2320 593 2378 suctoritslenitetur.
612 2317 788 2366 Ineuntisenim

115 2388 191 2436 etatis
208 2387 297 2436 inscitie
314 2403 395 2436 senum
409 2384 566 2442 constituendo
580 2391 603 2431 et
615 2382 715 2445 regenda
731 2398 788 2445 pru-

118 2451 197 2500 dentis
211 2460 252 2500 est.
276 2452 384 2500 Maxime
400 2460 478 2499 sutem
493 2450 543 2496 haec
559 2458 613 2496 aetas
628 2446 790 2495 slibidinibus

119 2517 216 2564 arcenda
226 2526 268 2575 est,
283 2516 453 2578 exercendaque
467 2515 492 2561 in
504 2514 583 2561 labore
595 2511 751 2574 patiendique
765 2515 788 2580 et

119 2581 190 2628 animi
205 2591 228 2629 et
249 2581 363 2644 corporis3
387 2589 414 2628 ut
433 2593 522 2636 eorum,
537 2585 560 2624 et
578 2576 602 2622 in
620 2574 707 2648 bellicis
727 2579 749 2618 et
766 2585 790 2616 ur

118 2644 221 2692 civilibus
232 2645 320 2704 officiis,
333 2646 408 2708 vigeat
417 2643 536 2693 industris
555 2641 635 2702 Atque
647 2647 726 2694 etiam,
735 2649 789 2682 cum

151 2710 263 2768 (Philon.)
279 2723 393 2757 von.1v.
575 2716 595 2752 Υ
657 2707 660 2713 ’
732 2707 734 2712 “
