1856 2952
148 211 198 256 452
359 204 606 256 PHAENOMENA.

149 337 198 386 Hir
207 335 314 384 datram
324 351 429 400 porgens,
441 336 571 400 quadrupes
586 335 634 401 qui
645 343 714 384 rasta
725 343 852 394 tenetur,

149 402 229 459 Quam
240 415 308 448 nemo
319 410 380 448 certo
389 400 483 448 donavit
493 400 587 449 nomine
596 401 708 458 Graium,
791 404 851 449 212

150 465 245 524 Tendit,
256 473 279 512 et
289 465 402 512 illustrem
412 465 555 513 tnrculentus
563 465 622 513 cedit
632 465 662 512 ad
670 466 767 512 Aram.

150 529 199 576 llic
210 545 258 577 sese
267 529 362 578 infernis
372 530 402 578 de
411 529 514 594 partibus
525 530 592 592 erigit
603 530 687 594 Hydra

149 593 265 657 Praeoipiti
275 594 352 657 lapsu,
363 595 423 642 flexo
438 609 492 642 oum
503 609 595 657 corpore
606 609 707 656 serpens.
786 595 844 642 215

149 657 208 706 Hac
219 668 288 723 ceput
298 667 367 732 atque
377 659 454 706 ourlos
465 666 572 720 torquens
583 658 613 705 ad
627 666 691 722 terga
702 659 734 706 N
734 659 799 722 epesi
809 675 819 716 ς

151 721 306 786 Convexoque
317 737 367 770 sunu
379 723 470 770 subiens
480 721 569 770 inferna
580 722 673 781 Leonis,

152 787 295 836 Centaurum
308 787 354 834 leni
365 787 476 850 contingit
485 786 574 835 lubrice
585 786 657 834 caudi
666 804 673 834 ε

154 850 184 898 In
195 852 316 914 medioque
327 852 379 898 sinu
389 851 480 914 fulgens
491 851 585 899 Cratero
596 851 688 898 relucet.

152 915 292 963 Extremum
303 915 377 962 nitens
387 917 491 978 plumato
500 931 592 979 corpore
604 915 692 963 Corvus
783 918 837 966 22⁰

153 980 238 1027 Rostro
249 979 333 1034 tundit,
345 987 368 1026 et
378 979 417 1026 hic
428 979 533 1027 (leminis
544 989 578 1028 est
588 979 627 1026 ille
637 981 680 1027 sub
690 979 751 1043 ipsie

151 1042 285 1100 Antemnis,
298 1041 368 1090 Graio
380 1043 484 1106 Procyon
495 1043 537 1107 qui
545 1045 637 1092 nomine
644 1043 726 1092 fertur.

151 1107 282 1165 Herceum,
293 1123 346 1170 quae
353 1107 427 1154 visens
438 1117 550 1156 nocturno
561 1117 662 1171 tempore
672 1108 749 1171 signa,

153 1171 323 1235 AEtemumque
332 1171 410 1220 volens
420 1172 503 1219 mundi
514 1187 645 1236 pernoscere
655 1184 757 1232 motum,

151 1235 268 1297 legitimo
278 1251 354 1284 cernes
364 1237 447 1284 coelum
457 1237 579 1284 lustrantia
590 1253 664 1284 eursu.
773 1240 827 1286 225

153 1299 226 1360 Nam,
237 1316 291 1365 quae
301 1316 341 1364 pur
350 1301 386 1348 bis
397 1316 437 1348 sex
448 1300 565 1364 signorum
576 1301 648 1350 labier
658 1303 725 1350 orbes

152 1363 264 1430 Quinque
274 1366 348 1413 solent
358 1365 437 1425 stelle,
449 1365 519 1412 simili
529 1365 616 1413 ratione
626 1367 699 1413 notari

152 1427 208 1476 Nou
218 1437 331 1492 possunt3
348 1430 411 1494 quia,
423 1445 469 1493 quo
479 1429 567 1476 iaciunt
577 1430 672 1492 vestigio
681 1445 759 1494 eursu,

152 1493 209 1541 Non
221 1493 301 1542 eodem
312 1509 402 1557 semper
412 1494 484 1557 spatio
494 1502 583 1558 portata
593 1501 704 1542 teruntur.

88 1607 92 1628 ›
152 1557 191 1605 Sic
201 1558 293 1606 malunt
303 1574 376 1606 errare
387 1574 450 1621 vagae
460 1573 501 1622 per
511 1559 591 1606 nubila
601 1559 659 1617 seli,
756 1561 809 1610 230

152 1619 230 1684 Atque
240 1637 292 1669 suos
303 1622 364 1670 vario
373 1631 438 1669 motu
449 1623 550 1670 metirier
560 1625 633 1670 orbes.

153 1684 212 1732 Hoc
222 1684 309 1732 faciunt
319 1700 415 1747 magnos
424 1686 546 1749 longinqui
555 1687 663 1750 temporis
674 1703 752 1749 annos,

152 1747 215 1795 (lum
226 1749 321 1795 redeunt
330 1749 360 1796 ad
370 1749 432 1796 idem
443 1751 493 1798 coeli
504 1751 547 1798 sub
562 1751 663 1814 tegmine
673 1753 770 1816 signum.

153 1812 231 1869 Quare
242 1827 284 1874 ego
294 1825 356 1860 nune
366 1826 456 1877 nequeo
466 1823 525 1862 totos
535 1815 637 1863 evolvere
648 1831 733 1864 cursus.

154 1875 244 1923 Verum
253 1875 311 1936 haec,
323 1892 376 1940 quae
386 1893 475 1940 semper
486 1881 776 1930 certovolvunturinorbe
902 1937 903 1940 Ἴ

153 1937 214 1987 Fixa
224 1939 302 2000 simul,
312 1956 408 2004 magnos
420 1941 532 2008 [edicam]
542 1945 649 2006 genubus
659 1947 730 1994 orbes.
768 1948 814 2000 m
897 1971 903 2016 q

154 2003 279 2065 Quattuor,
291 2015 374 2054 aeterno
384 2006 506 2055 lustrantes
515 2007 605 2055 lumine
614 2009 737 2070 mundum,
900 2019 903 2092 p

153 2069 229 2118 Omes
240 2069 347 2133 stelligeri
356 2079 471 2134 portantes
482 2073 547 2134 signa
557 2071 671 2132 feruntur,

153 2134 265 2197 Amplexi
276 2146 359 2183 terram
370 2135 419 2183 omli
427 2138 471 2184 sub
481 2136 582 2198 tegmine
592 2137 663 2185 fulti:

152 2198 175 2245 E
187 2199 271 2261 quibus
282 2213 395 2247 annorum
405 2199 522 2248 volitantia
531 2201 622 2249 lumine
631 2217 717 2265 nom,
764 2205 810 2260 2⁴⁰

153 2262 215 2319 Quae
225 2262 300 2310 densis
310 2263 415 2312 distincta
425 2263 502 2312 licebit
511 2279 601 2314 cernere
611 2266 689 2330 dgnis.

152 2325 218 2372 Tum
227 2327 313 2374 multos
323 2329 389 2379 orbes
469 2344 484 2376 o
493 2343 547 2376 cum
557 2329 647 2378 lumine
654 2330 724 2396 latos,'

152 2389 248 2436 Vinctos
259 2390 318 2438 inter
328 2407 360 2451 se,
371 2399 394 2438 et
404 2407 419 2439 n
452 2392 456 2402 '
479 2393 605 2441 coelestibus
615 2403 689 2458 aptos,

151 2453 232 2516 Atque
242 2453 293 2516 pari
303 2455 376 2518 spatio
386 2455 432 2503 duo
442 2457 683 2509 cemesesseduobus.
902 2511 903 2520 ,

150 2517 216 2563 Nom
226 2517 257 2564 sic
267 2527 378 2566 noctmno
388 2535 523 2582 cognoscens
533 2529 635 2585 tempore
645 2525 735 2586 uelum,
762 2533 805 2584 243

150 2578 213 2627 Cum
224 2596 298 2644 neque
306 2577 408 2645 caligans
418 2582 509 2632 detersit
519 2584 592 2633 sidera
601 2587 683 2647 nubes,

150 2641 177 2686 N
178 2658 202 2689 ec
212 2645 281 2706 pleno
291 2647 367 2694 stelles
377 2649 492 2711 superavit
501 2648 590 2696 lumine
599 2649 677 2710 laune,

149 2703 235 2753 Vidisti
246 2722 357 2770 magtmm
365 2711 500 2760 candentem
510 2728 600 2776 serpere
609 2713 701 2763 timum.
