1862 2964
132 185 178 234 icc
232 183 279 233 ns
297 181 453 244 unumne,
466 183 526 232 am.
535 181 585 232 111.
597 183 660 233 cie.
672 183 697 230 o.

126 314 169 362 erit
178 313 214 361 his
225 313 297 373 Urbe,
309 311 368 359 uihll
378 310 447 359 domo
457 312 507 374 suh,
519 307 623 370 dulcius}
639 324 681 361 nec
693 310 793 376 laborio-

125 379 172 426 sius
182 377 345 440 molestiusque
355 375 477 440 provincii„
644 427 648 438 ι
769 367 794 441 f

157 442 202 490 Sed
210 442 313 505 sequitur
322 442 369 500 lex,
381 455 433 515 quae
444 442 515 488 sancit
523 455 574 489 eam
585 440 730 488 tribunorum
741 441 794 506 ple„-¹

124 505 160 554 bis
170 515 312 570 potestatem,
324 521 376 568 quae
386 519 411 551 m
421 505 538 568 republich
548 505 640 561 nostrin
652 505 681 552 de
689 506 737 568 quh
744 499 792 552 dis:

124 570 168 618 seri
183 571 241 618 nihil
255 585 344 620 neeesse
354 577 394 617 est.
420 569 528 624 Quintus.
539 569 583 630 At,
592 570 729 630 mehercule,
739 561 792 632 ego*

123 633 202 696 frater,
219 651 304 698 quero,
320 634 350 683 de
364 632 408 681 iste
422 641 532 696 potestate
547 633 603 696 quid
621 634 718 680 sentias:
735 602 792 680 naid

124 699 183 746 mihi
197 699 291 762 quidem
301 698 407 761 pestifera
417 697 513 757 videtin,
526 698 612 762 quippe
626 714 679 760 quae
693 697 717 743 iu
732 697 792 744 aedi:

124 763 194 824 tione,
211 773 233 811 et
243 764 273 810 ad
284 763 426 822 seditionem,
438 770 493 810 neta
503 762 546 810 sit:
563 763 630 824 cujus
639 761 743 824 primum
753 758 792 808 orl

123 835 174 874 tum
186 827 205 874 si
215 827 326 876 recordari
336 826 451 885 volumus,
466 826 526 873 inter
540 826 708 882 sermocinium,
720 833 743 872 et
753 825 792 873 oc·'
871 823 876 831 “
926 857 927 880 r

123 900 214 1002 titt
223 893 350 1002 ἶὶἓῖἓῗὲῗ
360 889 792 1016 ἕῗῗὲῗὲωξῖῗωῖῗζᾟὲῗᾶῗ

123 1019 215 1076 tabulis,
232 1018 328 1080 insignis
337 1017 372 1080 lad
386 1017 554 1066 deformitatem
588 1033 637 1078 uer,
654 1015 717 1065 brevi
731 1025 792 1066 tem-

122 1097 177 1144 pore
187 1089 307 1142 recreatus,
318 1082 439 1144 multoque
449 1083 527 1130 tetrior
537 1091 560 1129 et
569 1034 649 1130 dedier
659 1089 727 1128 nattis
738 1089 780 1128 eat.

155 1145 201 1194 IX.
218 1143 298 1204 Quem
309 1146 370 1194 enim
381 1145 421 1193 ille
428 1160 475 1193 non
486 1146 576 1194 edidit?
593 1147 634 1208 qui
640 1145 751 1209 primum,
764 1153 792 1192 ut

121 1208 194 1272 impio
210 1211 307 1274 dignum
325 1209 378 1269 fuit,
395 1210 499 1273 patribus
512 1225 605 1258 omnem
620 1209 731 1257 honorem
745 1209 791 1256 eri-

121 1273 190 1336 puin
207 1274 285 1322 omnia
302 1275 383 1322 infima
400 1274 497 1322 summis
515 1274 578 1337 paria
597 1274 658 1333 fecit,
678 1274 789 1334 turbavit,

121 1338 227 1388 miscuit:
245 1355 299 1388 cum
309 1339 426 1388 afflixisset
435 1338 566 1402 principum
577 1339 720 1401 gravitatem,
729 1353 791 1384 nun-

122 1420 194 1466 quam
204 1412 281 1452 tamen
292 1403 427 1468 conquievit.
454 1404 543 1467 Atque,
555 1411 584 1450 ut
597 1401 624 1450 G.
636 1401 790 1463 Flaminium,

121 1477 191 1532 atque
205 1484 232 1516 ea
240 1485 292 1532 quae
301 1469 350 1528 jam
361 1469 434 1531 prisca
444 1476 506 1527 sunt,
523 1467 667 1530 relinquam
685 1465 741 1528 quid
750 1465 790 1527 ju-

120 1533 152 1580 ris
162 1532 227 1580 bonis
238 1532 291 1579 viris
304 1533 343 1578 Ti.
355 1531 453 1578 Gracchi
464 1531 593 1579 tribunatus
607 1529 719 1594 reliquit?
736 1531 788 1590 etsi,

120 1596 279 1659 quinquennio
292 1604 352 1654 ante,
364 1595 396 1642 D.
408 1596 510 1642 Brutum
521 1604 544 1643 et
552 1596 580 1642 P.
592 1595 722 1659 Scipionem
733 1609 789 1642 con·

120 1660 189 1718 eules,
199 1663 267 1722 (quos
274 1666 296 1706 et
303 1666 399 1721 qumtos
408 1658 467 1706 viros
476 1659 494 1718 l)
502 1660 573 1707 homo
581 1660 686 1706 omnium
693 1659 789 1707 infimus

120 1730 143 1768 et
162 1722 336 1780 sordidissimus,
356 1722 462 1769 tribunus
483 1724 564 1786 plebis,
581 1723 608 1772 Ο.
627 1722 744 1771 Curiatius
762 1723 788 1770 in

120 1785 212 1832 vincula
232 1785 343 1846 conjecit:
361 1785 424 1849 quod
441 1794 493 1833 ante
511 1787 598 1835 fectum
615 1803 662 1835 non
679 1796 734 1835 erat
759 1788 788 1836 O.

87 1909 92 1916 ι
120 1865 173 1896 vero
184 1849 301 1897 Gracchus
311 1849 375 1897 runis
386 1858 409 1897 et
421 1849 472 1898 sicis
487 1850 524 1910 iis,
540 1867 597 1915 quaa
612 1853 660 1916 ipse
675 1867 699 1899 se
713 1853 788 1915 pmje·

119 1912 175 1960 cisse
189 1913 214 1959 in
224 1913 300 1960 fomm
312 1913 378 1973 dixit,
391 1914 481 1977 ¹quibus
496 1915 675 1978 digladiarentur
689 1916 750 1964 inter
764 1931 789 1963 se

119 1977 187 2036 cives,
198 1992 274 2026 nonne
284 1993 377 2025 omnem
390 1979 521 2044 reipublice
532 1989 617 2028 statum
630 1980 788 2044 permutavit?

119 2040 185 2100 Quid
189 2044 239 2104 jam
248 2043 276 2090 de
284 2039 402 2091 Saturnini
410 2043 529 2107 supplicio,
537 2044 579 2091 reli
594 2045 685 2108 uisque,
692 2043 788 2092 dicam?

119 2121 186 2219 quop¹
193 2123 222 2156 ne
232 2107 345 2172 depellere
355 2108 450 2171 quidem
463 2124 512 2157 ase
523 2061 641 2156 chedeno
655 2108 731 2172 potuit
741 2125 787 2157 rea·

136 2175 168 2220 ub
179 2172 219 2220 'ca

119 2187 136 2234 p
152 2235 201 2283 Gur
211 2244 288 2285 autem
299 2244 340 2284 aut
350 2246 426 2284 vetere
438 2249 479 2284 aut
489 2236 563 2284 aliena
575 2235 690 2300 proferam
700 2237 787 2300 potius,

136 2314 191 2346 uam
201 2309 224 2348 et
234 2309 311 2375 nophe
321 2308 344 2348 et
356 2302 473 2376 recentlai
489 2300 550 2361 Quis
564 2315 669 2375 unquam
684 2309 733 2348 tarn
745 2317 788 2349 au-

119 2424 148 2473 u
158 2364 677 2488 uttfflttltlhflltthtttt
682 2379 788 2493 {iffi

119 2490 267 2540 tribunicium
278 2492 404 2540 exacuisset
417 2493 442 2538 in
453 2495 515 2540 nos?
532 2507 602 2555 quem
613 2507 667 2540 curn
681 2493 788 2542 homines
872 2489 879 2502 ⁸

119 2555 219 2604 scelerati
237 2571 264 2603 cc
282 2556 373 2619 perditi,
391 2570 438 2603 non
455 2555 524 2604 modo
541 2557 591 2603 ulle
609 2556 633 2603 in
651 2557 729 2616 domo,
747 2559 788 2606 sed

119 2619 184 2666 nullh
194 2620 218 2666 iu
229 2627 297 2682 gente
307 2620 438 2683 reperirent,
453 2624 532 2683 gentes
542 2620 585 2668 sibi
600 2621 624 2666 in
633 2621 732 2668 tenebris
742 2622 786 2669 rei-

117 2683 215 2742 publice
225 2684 389 2748 perturbandus
399 2692 544 2749 putaverunt.
570 2684 641 2744 Quod
651 2684 717 2734 nobis
731 2686 785 2750 qui·
