1862 2964
52 181 54 188 ,
119 160 167 224 are
230 154 671 214 uu,orrrcr1s‚um.1.cr1›.re.

118 293 224 349 magnus,
236 285 261 332 in
275 283 369 332 homine
383 297 429 330 non
444 283 545 346 perfeeto
559 297 600 330 nee
614 283 723 346 sapiente,
738 283 785 331 fer-

118 351 205 398 ventior
218 350 355 412 plerumque
368 355 416 394 eet:
433 346 480 394 illae
494 347 588 394 virtutes
602 348 678 394 virum
693 349 783 395 boumn

118 413 223 464 videntur
232 413 308 476 potius
318 411 435 472 attingere.
781 413 783 418 ’

149 477 230 540 Atque
240 477 289 523 hec
298 476 324 522 in
338 475 447 522 moribus.
470 474 508 522 De
521 475 680 523 benevolendi
693 483 784 534 autem,

117 557 188 604 quam
199 539 389 615 quisquehabeat
399 555 452 601 erga
462 552 511 597 nos,
522 539 625 601 primum
639 539 698 586 illud
713 541 784 586 estin

117 606 200 663 officio,
211 613 238 652 ut
248 620 269 652 er
279 603 407 666 plurimum
414 603 554 661 tribuamus,
566 619 580 650 a
594 619 640 666 quo
653 604 783 666 plurimum

118 669 248 732 diligimur:
258 669 297 716 sed
304 667 492 725 benevolentimn,
499 681 554 725 non,
562 666 783 714 adolescentulorum

118 749 191 790 more,
202 733 281 780 ardore
295 731 395 794 quodem
409 731 500 790 amoris,
516 731 555 778 sed
569 731 691 778 stabilitate
704 731 784 794 potius

118 796 285 854 uoensuntit,
294 795 429 856 judicemus.
453 795 494 843 sin
509 803 576 852 erunt
592 795 681 853 merita,
695 805 783 842 utnon
872 819 877 823 ·

118 861 227 920 ineunda,
245 860 286 907 red·
302 859 418 906 referenda
436 859 464 906 eit
478 859 565 921 gretie:
583 861 657 920 major
674 859 783 922 quedem
825 873 827 876 ·
922 920 927 933 Ι

118 941 173 980 cura
183 923 311 971 adhibenda
318 931 365 970 eet:
383 923 475 970 nullum
486 923 656 974 enimeffieium
665 922 784 971 referendi

117 988 191 1052 gratie
201 987 274 1048 magis
284 986 434 1033 neceesarium
445 995 485 1034 est.

150 1051 221 1108 Quod
231 1051 295 1109 siee,
307 1065 359 1112 quae
370 1049 454 1097 utenda
464 1051 583 1113 acceperis,
592 1052 678 1112 meJ‘ore
688 1066 783 1098 mensu·
803 1103 806 1106 ,

117 1115 144 1162 rb
160 1115 189 1168 (si
205 1113 274 1162 modo
288 1114 369 1175 poesie)
382 1115 450 1174 jubet
463 1115 555 1162 reddere
566 1115 696 1171 Hesioduet
714 1115 785 1178 quid-

118 1193 181 1238 nam,
196 1177 305 1225 beneficio
319 1177 442 1240 provocati,
457 1178 530 1226 faeere
545 1179 672 1226 debemus?
690 1194 720 1226 un
734 1194 783 1226 non

117 1242 203 1290 irnitari
213 1257 278 1304 agros
289 1241 380 1298 fertiles,
392 1242 433 1304 qui
443 1242 516 1288 multo
526 1243 579 1304 plus
593 1242 698 1300 efferunt,
710 1258 784 1306 quam

118 1309 270 1370 aeceperunt?
287 1305 391 1362 Etenim,
402 1306 421 1352 si
432 1306 456 1352 iu
467 1321 513 1364 eos,
524 1321 581 1368 quos
591 1321 709 1368 speramus
716 1307 784 1354 nobis

117 1371 257 1435 profuturos,
267 1385 313 1417 non
321 1370 453 1417 dubitamus
461 1369 534 1417 officia
544 1370 658 1426 eonferre3
671 1371 750 1433 quales
758 1372 785 1418 in

118 1453 157 1484 eos
167 1451 214 1484 ease
225 1436 342 1492 debemus,
353 1435 395 1496 qui
405 1435 454 1494 jam
463 1434 620 1495 profluerunt?
641 1435 713 1494 Nem,
728 1450 784 1482 cum

118 1501 166 1548 duo
179 1515 262 1562 genera
274 1498 415 1556 liberalitatis
429 1498 483 1555 siut,
496 1513 571 1544 unum
585 1498 655 1546 dandi
669 1499 783 1558 benefitii,

118 1565 215 1611 alterum
224 1562 348 1618 reddendi;
362 1561 451 1619 demus,
462 1575 540 1620 necue,
551 1562 577 1607 iu
587 1563 664 1610 nostre
671 1571 784 1624 potestate

118 1637 165 1674 est:
183 1641 228 1673 non
240 1625 340 1682 reddere,
352 1625 400 1671 viro
415 1626 475 1672 bono
489 1640 536 1672 nou
549 1626 610 1684 lieet,
622 1625 694 1674 ‘modo
708 1627 733 1673 id
746 1627 784 1674 fa-

117 1705 166 1738 eere
176 1689 246 1751 possit
257 1688 304 1734 siue
314 1687 405 1748 injurilu

149 1756 303 1814 Accepturum
314 1760 391 1798 autem
401 1753 563 1800 beneficiorum
572 1763 625 1802 sunt
633 1755 732 1802 delectus
739 1757 783 1804 has

116 1816 193 1862 bendi.
212 1816 237 1861 N
238 1830 263 1862 ec
270 1815 376 1872 dubium,
386 1816 442 1878 quin
453 1817 556 1865 maximo
563 1819 646 1881 cuique
653 1819 781 1881 plurimum

117 1879 232 1927 debeatur.
250 1879 334 1940 Inque
345 1887 430 1939 temen,
440 1880 464 1926 in
475 1882 562 1943 primis,
572 1899 618 1944 quo
626 1883 723 1946 quisque
731 1884 782 1932 ani.
802 1933 805 1940 Α

116 1943 151 1990 mi
172 1942 246 1990 studio
266 1943 422 1990 benevelentia
442 1944 527 2004 fecerit,
546 1947 720 2008 ponderandum
739 1957 781 1995 eet.

117 2007 191 2054 Multi
206 2006 267 2054 enim
282 2005 369 2053 faciunt
383 2007 458 2054 multa
472 2010 598 2057 temeritate
607 2011 718 2072 quedam,
733 2013 782 2060 eine

115 2071 201 2133 iudicio
222 2070 259 2118 vel
279 2070 362 2126 mod03
387 2071 411 2117 in
430 2087 512 2120 omnes
532 2075 649 2136 repentino
671 2076 780 2137 quodum,

117 2136 183 2200 qumi
197 2143 272 2193 vento,
288 2135 376 2197 impetu
391 2135 463 2182 animi
479 2135 580 2184 incitatit
602 2154 655 2200 qum
671 2140 782 2188 beneficia

116 2216 182 2262 teque
192 2213 333 2262 magnanon
344 2207 398 2246 suut
405 2199 520 2259 habende,
532 2210 601 2264 etque
611 2218 646 2262 ea,
657 2211 710 2265 quae
717 2205 782 2264 judi·

115 2265 159 2321 cio,
175 2263 320 2320 considerate,
337 2272 508 2326 eonstanterque
521 2265 596 2312 delata
606 2275 666 2314 sunt.
690 2267 744 2327 Sed,
756 2269 781 2315 in

115 2327 245 2374 collocando
255 2327 372 2384 beneficio,
384 2336 407 2375 et
416 2328 440 2372 in
450 2328 567 2376 referendi
577 2331 659 2390 gratil,
671 2331 690 2378 ei
701 2341 782 2380 caetera
801 2325 803 2330 ’

114 2390 180 2455 petia
190 2391 243 2448 sint,
254 2391 298 2438 hoe
309 2391 410 2438 maxime
418 2391 485 2438 officii
493 2399 535 2451 est,
542 2407 569 2440 ut
575 2393 673 2457 quisque
678 2396 781 2444 maxime

113 2454 163 2519 opis
173 2454 282 2516 indigeat,
293 2455 326 2502 ita
336 2454 509 2517 eipotissimum
517 2457 638 2518 opitulari:
653 2460 716 2521 qued
726 2475 781 2508 eou-

114 2529 150 2567 tra
159 2517 185 2566 fit
196 2534 210 2565 a
220 2518 340 2582 plerisque.
363 2519 388 2565 A
399 2534 446 2582 quo
460 2519 522 2576 enim
536 2521 665 2582 plurimum
680 2534 781 2586 sperant,
812 2560 816 2567 .

113 2582 782 2648 edamdillebieuouegeetameneipotiseimuminset.

112 2647 186 2695 viuut,
774 2669 776 2674 ,
