1864 2958
131 113 182 162 ecs
227 111 275 175 uu
291 111 449 176 currens,
466 113 527 163 una.
540 113 591 163 111.
606 113 674 162 css.
685 113 711 162 e.

132 238 221 306 ciorum
239 255 337 302 memor,
357 242 385 290 in
405 243 501 292 coneilio
521 243 648 292 celestium
667 241 818 298 collocavite

130 319 202 366 quam
214 305 288 354 vivere
302 307 328 356 iu
338 307 468 366 solitudine,
483 322 530 355 uon
544 307 613 356 modo
628 307 678 354 siue
687 307 745 353 ullis
757 321 817 354 m0-.

129 366 209 428 lesciis,
221 369 261 416 sed
272 371 340 420 etiem
351 371 376 418 in
386 371 495 420 maximis
506 371 670 434 voluptatibus,
682 370 816 418 abundan-

130 437 179 478 tem
187 434 295 482 omnibus
306 435 391 499 copiis3
403 445 430 484 ut
440 436 538 487 excellas
545 436 615 482 etism
622 433 815 498 pulchritudine,

131 502 155 542 et
165 495 259 548 viribus.
287 499 409 560 Quocirca,
428 501 515 563 optimo
526 500 624 563 quisque
634 507 658 547 et
667 497 817 562 splendidis-

131 558 191 618 simo
201 562 293 626 ingenio
308 565 376 628 longe
390 564 455 614 illem
466 564 537 612 vitam
547 563 601 612 huic
612 563 740 626 anteponit.
768 562 814 608 Ex

133 639 180 688 quc
192 625 295 688 efficitur,
307 629 434 690 hominem,
445 637 533 676 nature
544 627 697 689 obedientem,
715 625 818 674 homiui

133 703 215 738 nocere
225 706 272 739 non
282 708 354 756 posse

166 754 266 815 nenne,
282 758 323 820 qus
339 759 437 806 numm
451 757 529 819 visus,
545 765 572 804 ut
582 757 630 820 ipse
641 753 732 820 utquid
743 770 815 803 som.
915 731 916 812 ἦ

133 817 198 869 modi
208 830 366 884 consequatur,
385 830 426 869 sut
439 822 498 868 nihil
509 837 533 868 se
543 821 659 868 existimat
673 829 756 867 contin
766 834 814 868 ne-
915 831 916 840 ¹

134 890 211 930 turam
225 883 306 943 fecere,
322 895 363 933 sut
377 886 451 948 magis
464 885 599 949 fugiendum
609 893 685 934 censet
695 892 811 944 mortem,

133 956 300 1010 paupertatem,
311 948 421 1008 dolorem,
433 950 579 998 asnissionem
589 949 658 996 etiem
669 949 810 1007 liberorum,

133 1011 324 1074 propinquorum,
336 1014 471 1074 amicerum,
486 1030 558 1078 quem
572 1013 646 1062 iecere
656 1013 760 1076 cuipiam
771 1013 813 1058 in-

131 1073 226 1134 juriam.
249 1077 275 1124 si
290 1077 349 1124 nihil
363 1077 479 1125 existumet
494 1088 572 1126 contra
581 1087 689 1124 naturum
704 1075 755 1123 fieri
766 1076 812 1124 ho-

135 1137 237 1194 minibus
248 1139 368 1202 dolendis,
380 1142 437 1206 quid
447 1157 501 1190 cum
511 1158 538 1190 eo
548 1143 651 1201 disseras,
663 1141 705 1204 qui
712 1141 811 1189 omnino

135 1201 255 1258 homiuem
266 1220 295 1253 ex
305 1206 399 1254 homine
409 1207 494 1255 tollat?
518 1207 559 1254 Sin
572 1205 709 1270 fugiendum
720 1204 746 1252 id
756 1205 812 1268 qui-

135 1265 191 1314 dem
201 1277 285 1329 censet,
303 1270 342 1318 sed
353 1279 376 1319 et
385 1272 460 1318 multo
470 1271 511 1318 illu
520 1272 607 1335 pejore,
625 1279 733 1330 mortem,
748 1283 810 1332 ptu-

92 1393 97 1403 .
136 1341 257 1395 pertatem,
274 1334 391 1392 dolorem
414 1343 473 1383 erret
489 1336 514 1382 in
532 1351 567 1395 eo,
590 1334 652 1399 quod
670 1335 747 1380 ullum
767 1341 810 1380 eut

136 1397 236 1470 corporis
259 1408 300 1447 eut
324 1399 423 1448 fortune
445 1399 527 1448 viuum
543 1399 616 1447 animi
635 1398 696 1458 uitiis
714 1397 810 1461 gravius

138 1462 261 1510 existimat.
551 1483 555 1489 ·
807 1487 810 1492 ·

170 1525 216 1573 Vl.
232 1526 297 1590 Ergo
311 1543 386 1578 unum
397 1529 464 1576 debet
477 1543 524 1576 esse
538 1527 645 1575 omnibus
655 1526 807 1591 propositum,

135 1596 164 1636 ut
178 1589 257 1636 eudem
268 1592 298 1638 sit
308 1593 395 1639 utilitas
410 1593 590 1655 uniuscujusque
599 1600 622 1639 et
632 1592 807 1647 universomm;

136 1667 208 1716 quum
219 1653 238 1699 si
248 1653 278 1701 ud
289 1670 313 1702 se
323 1657 420 1718 quisque
430 1656 511 1718 rapiat,
527 1657 661 1704 dissolvetur
673 1655 749 1703 omnis
763 1655 808 1701 hu·

137 1731 207 1762 mana
218 1718 335 1766 consortie
352 1719 441 1782 Atque,
453 1721 473 1768 si
483 1721 552 1767 mam
563 1720 607 1768 hcc
614 1729 696 1768 natura
706 1719 808 1782 prescri-

137 1779 181 1837 bit,
197 1788 224 1826 ut
234 1781 303 1828 homo
314 1782 411 1842 homini,
430 1784 570 1848 quicumque
581 1784 618 1844 sit,
630 1787 660 1832 ob
670 1799 722 1831 cem
733 1782 806 1846 ipsam

138 1858 239 1903 cauum,
255 1845 317 1908 quod
328 1847 347 1894 is
358 1847 427 1895 homo
438 1847 475 1907 sit,
490 1849 621 1896 consultum
632 1847 702 1904 velit3
719 1862 807 1896 necesse

139 1915 181 1965 est,
190 1909 316 1956 secundum
326 1911 431 1958 eamdem
441 1921 557 1973 usturam,
569 1913 674 1961 omnium
684 1911 806 1964 utilitatem

140 1985 187 2020 csse
201 1987 355 2022 communem.
379 1975 450 2035 Quod
465 1977 486 2024 si
499 1977 532 2026 ita
546 1985 588 2037 cst,
603 1977 652 2024 und
665 1976 807 2024 continemur

140 2051 220 2086 omnes
231 2046 254 2086 et
261 2039 342 2088 eidem
352 2041 403 2103 lege
412 2049 515 2088 naturis:
527 2041 597 2106 idque
607 2041 684 2104 ipsum
695 2041 715 2087 si
724 2041 756 2086 its
766 2048 806 2100 est,

140 2109 200 2154 certe
214 2102 298 2152 violare
312 2105 410 2152 alterum
424 2107 474 2168 lege
484 2115 572 2153 neturae
582 2105 737 2169 prohibemur·
760 2105 806 2152 Ve-

139 2180 194 2214 rum
211 2176 290 2216 autem
307 2169 424 2231 primum:
441 2185 522 2218 verum
538 2170 609 2232 igitur
628 2178 650 2217 et
669 2177 804 2216 extremum.

140 2228 205 2284 Nem
215 2231 275 2278 illud
286 2233 379 2296 quidem
390 2235 515 2281 absurdum
527 2243 568 2292 est,
586 2233 648 2297 quod
663 2231 758 2296 quidem
771 2233 805 2279 di·

138 2300 204 2365 cunt,
215 2297 305 2356 parenti
315 2313 339 2344 se
347 2306 388 2345 sut
395 2297 460 2345 fratri
469 2297 529 2344 nihil
538 2297 686 2355 detracturos,
695 2296 805 2344 commodi

139 2369 176 2400 sur
191 2357 275 2414 causl;
292 2359 362 2408 aliam
376 2362 487 2409 rationem
503 2377 550 2408 esse
564 2361 649 2408 civium
659 2361 805 2423 reliquorum.

141 2417 176 2491 Hi
185 2419 230 2491 ¹sibi
241 2421 299 2468 nihil
311 2424 378 2484 juris,
394 2434 417 2472 et
427 2425 516 2472 nullam
531 2425 669 2482 societatem,
681 2423 805 2471 communis

139 2482 244 2555 unhtstis
254 2487 332 2544 must,
343 2496 446 2536 statuunt
454 2504 501 2536 esse
511 2504 565 2536 cum
576 2488 677 2536 civibus=
695 2503 748 2551 qum
758 2499 805 2534 seua

140 2551 315 2619 tenna‘omnem
326 2551 455 2598 mcietstem
465 2552 571 2599 distrahit
581 2551 684 2603 civitatis.
708 2550 756 2608 Qui
766 2567 804 2598 tu·

139 2613 188 2670 tem
202 2610 288 2658 civium
299 2613 411 2662 rationem
421 2615 502 2671 dicunt
511 2615 650 2671 habendam,
662 2621 803 2670 externotttm
