1856 2952
322 155 473 210 TIMAEUS·
483 161 546 208 Cnr.
558 162 583 209 5:
737 161 784 210 tta

116 281 196 336 autern
208 297 230 337 et
240 289 400 352 adspectabile,
412 289 515 353 itemque
525 288 650 347 tractabile,
661 303 730 338 omne
744 305 785 339 ne·
845 345 849 352 ἢ

118 367 180 400 cesse
197 362 230 401 est
246 369 301 412 esse,
313 354 376 417 quod
393 362 475 400 notum
490 362 530 401 cst.
558 354 627 401 Nihil
641 369 717 417 porro,
733 354 784 418 igni

116 431 225 475 vacuum,
242 418 313 464 videri
323 426 397 481 potest
405 420 419 464 :'
429 433 470 465 nec
481 433 534 466 vcro
550 418 622 480 tangi,
633 418 696 481 quod
709 428 784 467 careat

116 481 189 528 solido
199 499 205 528 c
230 482 329 528 solidum
340 491 417 530 eutem
428 483 495 539 nihil,
507 483 569 546 quod
580 493 645 529 terrae
655 482 684 529 eit
694 499 782 546 expers.

116 545 285 604 Quamobrem,
300 546 415 593 mundum
432 546 519 594 efficere
536 547 641 604 moliens,
657 546 723 596 Deus
739 555 784 594 ter,

115 609 535 737 {imiissiiniiimciiii'iffi
546 610 784 738 ᾙῗιὲἓῗςῗὶἰὶ

318 707 325 730 i

117 736 205 784 nodum
217 737 381 801 vinculumque
394 739 529 786 desiderent
546 739 591 786 Sed
602 739 746 787 vinctorum
758 739 784 786 id

116 810 151 848 eet
159 802 302 864 aptissimum
314 813 383 866 etque
392 803 581 866 pulcherrimum,
593 802 664 866 quod,
675 817 704 850 ex
715 817 739 851 ee
749 811 785 850 ut..

118 881 165 928 que
182 865 211 913 de
226 867 263 914 hio
280 883 332 930 quae
349 867 477 929 adstringit,
497 882 568 930 quem
587 867 690 915 maxime
707 879 783 916 unum

117 930 193 977 efficit.
211 930 241 978 Id
251 933 337 994 optime
350 932 486 994 eccequitur,
505 947 558 996 quie
572 931 652 978 Graeoe
665 940 783 990 Αναλογια,

116 994 201 1043 Latine
218 996 359 1048 (cudendum
371 1005 405 1043 est
415 996 485 1055 euim,
497 997 606 1059 quonium
617 995 666 1043 hec
680 995 784 1059 primum

116 1073 132 1106 c
149 1060 214 1107 nobis
236 1069 368 1121 novantur),
387 1064 537 1122 conparatio,
551 1062 720 1124 proportio-ve,
737 1060 784 1110 dici

149 1132 199 1171 test

117 1139 182 1235 poV.
200 1186 301 1246 Quando
309 1189 371 1236 enim
381 1189 452 1236 trium
463 1190 500 1236 vel
507 1204 664 1249 numerorum,
676 1192 712 1239 vel
722 1191 783 1254 figo.

116 1265 204 1310 rarum,
219 1253 256 1300 vel
273 1267 471 1316 quorumcumque
489 1269 607 1316 generum,
622 1256 741 1318 contingit,
756 1263 784 1303 ut

118 1317 181 1379 quod
194 1315 297 1363 medium
313 1317 350 1375 eit,
368 1318 403 1364 uti
421 1317 522 1380 primum
541 1318 693 1381 proportione,
712 1319 745 1366 itt
759 1319 785 1367 id

118 1389 233 1443 postremo
259 1390 411 1444 comparetur,
436 1381 580 1444 vicissimque
606 1391 634 1429 ut
655 1391 786 1431 extremum

117 1459 172 1492 cum
182 1444 266 1504 medio,
278 1445 310 1493 iic
320 1445 423 1493 medium
436 1461 490 1493 cum
503 1446 587 1509 primo,
599 1446 742 1503 contentum
759 1447 785 1494 id

117 1509 180 1573 quod
191 1509 294 1557 medium
302 1519 343 1570 est,
356 1519 407 1558 tum
415 1510 517 1574 primum
525 1511 560 1570 fit,
568 1521 619 1558 tum
628 1519 783 1574 postremum,

115 1583 230 1636 postrema
241 1589 293 1622 vero
304 1584 327 1622 et
340 1575 415 1638 prima
429 1575 505 1622 media
519 1575 585 1622 fiunt
614 1576 651 1622 Ita
665 1576 785 1624 ncoeeeituo

116 1639 784 1762 ἓίξ“,ἓὲῐῗᾶὲῗω“ἓὲὲᾈῖἶῖῗὲἳ3ἕῗηῖ“ἓῗῃ“ὲὶέῖῑ

116 1782 198 1814 unum.
215 1767 287 1826 Quod
295 1768 314 1815 si
324 1769 476 1815 universitatis
484 1783 565 1832 corpus
570 1769 667 1832 planum
676 1777 698 1816 et
706 1785 784 1832 ecquo·

117 1831 163 1878 bile
174 1832 332 1894 explicaretur,
342 1847 416 1894 neque
430 1833 454 1878 in
465 1847 492 1880 eo
503 1833 631 1896 quidquam
642 1834 784 1897 essetrcqui·

117 1895 202 1951 situm,
220 1909 294 1942 unum
311 1896 456 1956 interjectum
467 1899 580 1956 medium,
596 1905 618 1944 et
628 1913 652 1944 ee
662 1898 749 1960 ipsum,
761 1906 785 1945 et

35 1979 39 1986 ·
117 1960 234 2022 eoquibus
241 1967 298 2007 esset
307 1960 475 2022 interpositum,
483 1961 605 2034 coiligaret.
623 1961 677 2018 Sed,
685 1976 739 2009 cum
746 1977 783 2008 ro·

118 2023 194 2071 lidius
206 2023 294 2070 mundo
304 2033 459 2088 quereretur3
477 2025 549 2072 solide
559 2034 635 2072 autem
648 2025 727 2072 omnic
737 2040 785 2072 uno

117 2086 193 2135 medio
212 2102 341 2151 nunquam,
357 2088 446 2135 duobus
465 2089 731 2152 semper‚oopu1enuu;
751 2089 785 2137 ite

116 2151 219 2215 contigit,
227 2160 263 2210 ut,
274 2152 334 2200 inter
342 2153 421 2215 ignem
432 2160 455 2198 ct
462 2160 555 2211 tenero,
564 2167 648 2216 aquam
659 2154 725 2201 Deuo
734 2153 785 2202 eni·

118 2231 228 2281 mumque
238 2226 340 2280 poneret,
351 2231 424 2280 eaque
434 2217 493 2264 inter
504 2231 527 2264 se
537 2227 686 2280 compararet,
694 2227 717 2265 et
725 2233 785 2282 pro-

117 2282 221 2345 portione
231 2282 393 2344 conjungam
411 2288 446 2339 ut,
458 2281 652 2344 quernulmodum
663 2283 723 2345 ignis
733 2284 784 2331 eni·

116 2348 171 2404 ‘mae3
191 2345 223 2393 sic
241 2345 319 2392 anime
337 2361 420 2408 equoet
444 2346 552 2410 quodque
570 2345 648 2394 anime
664 2361 738 2410 cquae,
760 2347 786 2394 id

119 2425 180 2473 aquo
190 2417 263 2469 tenae,
275 2411 421 2472 proportione
431 2411 540 2458 redderet
568 2410 623 2468 Qut
635 2425 664 2458 ex
675 2413 785 2474 conjunc-

119 2473 179 2520 tione
190 2474 272 2521 ooelum
282 2475 315 2520 ita
325 2482 407 2537 aptum
418 2482 460 2532 est,
469 2484 497 2521 ut
507 2475 549 2521 sub
560 2475 693 2537 adspectum
703 2484 726 2522 et
737 2483 784 2522 tac-

28 2545 30 2550 ·
119 2545 170 2584 tum
180 2537 251 2585 cedet.
280 2538 372 2601 Itaque,
384 2549 407 2586 et
417 2541 446 2586 ob
458 2553 509 2586 eom
520 2553 620 2596 causam,
632 2546 655 2586 et
665 2541 695 2586 ab
705 2539 734 2585 iis
749 2553 786 2585 re·

120 2603 171 2659 buo,
182 2615 278 2650 numero
288 2612 395 2666 quatuor,
406 2602 489 2651 mundi
499 2611 533 2651 est
544 2617 625 2666 corpus
632 2601 786 2661 effectum,.ei

121 2673 273 2714 coniunctum
283 2667 437 2732 proportione,
448 2667 496 2733 qui
506 2667 570 2718 dixi:
595 2681 624 2714 ex
637 2680 684 2730 quo
697 2667 746 2731 ipse
762 2681 786 2716 oe

154 2730 266 2792 (Ptttcc.)
277 2745 340 2781 von.
359 2746 398 2782 ιν.
603 2731 618 2778 2
631 2744 646 2778 c
