1858 2946
133 121 167 170 ot
186 119 243 171 ·I)E
251 119 512 182 DIVINATIONE,
523 121 583 170 [ιη.
591 119 627 169 11.
637 117 700 169 Gne.
710 117 748 168 13.

134 259 168 298 tes
176 257 299 316 motusque
309 251 403 310 diffusi,
415 251 472 316 quid
481 252 565 299 hebere
579 257 654 314 potest
672 259 805 306 commune,

135 329 183 362 non
191 315 275 375 dicem,
287 316 439 379 gallinaceum
451 316 499 364 fel?
516 321 581 369 (sunt
592 315 662 372 enim,
670 313 711 377 qui
722 311 759 360 vel
769 325 808 358 cr·

135 379 256 442 gutitsima
263 380 312 428 hoec
328 389 382 428 exte
392 395 439 428 esse
450 380 553 438 diseno:
571 379 610 427 sed
620 378 680 425 tauri
690 375 762 440 opimi
771 375 808 436 je·

135 457 184 502 cur,
199 452 240 491 eut
256 459 303 503 cor,
315 454 355 492 sut
371 445 460 509 pulmo,
477 444 535 508 quid
548 444 618 491 hebet
630 441 742 500 naturale,
760 455 808 503 quo

134 506 244 556 declarari
307 509 332 569 't‚
344 510 401 573 quid
411 509 517 556 futurum
524 509 572 556 sit?

168 572 245 620 XIII.
289 575 409 621 emocritus
420 583 497 622 tumen
508 588 555 620 non
568 571 648 619 inscite
658 576 768 634 nugatur,
779 576 809 615 ut

137 635 260 700 physicusx
278 655 325 702 quo
335 654 418 701 genere
428 638 487 684 nihil
497 636 646 700 arrogantius,

170 728 188 755 ‘⁶
200 723 271 785 Quod
281 736 315 774 est
326 736 379 774 unte
389 725 466 790 pedes,
478 740 546 776 nemo
561 732 661 789 spectet:
679 722 730 772 coeii
745 737 808 770 sctu-

267 791 459 855 untmplagee”

130 894 227 942 Verum
238 895 257 942 is
268 903 354 958 tamen,
363 896 444 944 habitu
456 903 562 943 extorum
573 903 596 942 et
607 895 689 952 colore,
698 892 808 941 declarari

130 967 212 1005 ¹«censet
222 959 271 1006 haec
282 959 403 1019 duntaxat,
414 960 495 1025 pabuli
504 975 587 1026 genus,
596 968 619 1007 et
629 974 708 1006 earum
719 973 807 1019 rerum,

137 1037 195 1084 ques
206 1031 265 1070 terre
279 1033 388 1086 procreet,
403 1025 441 1072 vel
456 1027 592 1085 ubertatem,
604 1025 640 1071 vel
655 1021 806 1076 tenuitatems

130 1086 296 1134 *salubritatem
307 1087 384 1147 etiem,
396 1096 437 1136 sut
447 1089 609 1152 pestilentiam,
618 1087 677 1135 extis
685 1086 808 1158 significari

129 1157 211 1212 'putet
237 1151 261 1200 0
276 1153 397 1200 mortalem
411 1154 521 1201 beatum!
540 1153 577 1201 cui
592 1161 652 1200 certo
667 1152 713 1199 scio
723 1151 808 1199 ludum

135 1227 257 1280 nunquam
268 1215 374 1265 defuisse.
392 1217 514 1266 Hunccine
524 1218 643 1264 hominem
654 1215 723 1263 tantis
733 1215 808 1263 delec-

130 1287 213 1328 tatum
229 1296 276 1329 esse
292 1281 368 1345 nugis,
385 1291 412 1330 ut
427 1297 474 1330 non
489 1282 583 1342 videret,
600 1291 651 1330 tum
665 1281 771 1328 futurum
782 1279 807 1336 id

136 1343 267 1407 verisimile,
279 1346 298 1394 si
308 1347 413 1394 omnium
424 1347 540 1412 pecudum
551 1356 605 1394 extu
612 1345 692 1394 eodem
703 1353 806 1408 tempore

132 1408 163 1456 ¹In
182 1411 290 1459 eumdem
305 1411 411 1460 habitum
430 1427 454 1460 se
470 1413 614 1475 coloremque
632 1411 807 1458 converterent?

135 1473 192 1532 Sed,
201 1475 221 1522 si
231 1476 311 1523 eidem
322 1476 379 1523 honi
389 1476 441 1523 alie
450 1475 543 1539 pecudis
551 1476 617 1536 Jecur
626 1473 726 1521 nitidum
737 1482 808 1537 etque

132 1537 233 1600 'plenum
245 1549 286 1597 est,
298 1539 349 1586 sliae
359 1540 478 1586 horridum
489 1547 511 1586 et
522 1539 596 1593 exiiet
614 1536 671 1600 quid
685 1546 727 1596 est,
743 1537 807 1600 quod

131 1601 246 1648 ‘declarari
256 1602 327 1665 possit
341 1602 421 1649 habitu
438 1611 544 1649 extorum
559 1610 582 1648 et
597 1601 689 1648 colore?
706 1601 748 1647 An
763 1601 807 1649 hoc

132 1665 241 1723 'eiusdem
256 1665 319 1712 modi
334 1673 376 1723 est,
392 1665 460 1728 qusle
472 1663 644 1728 Pherecydeum
660 1663 727 1722 iilud,
743 1665 806 1726 quod

137 1737 171 1773 est
182 1743 196 1774 u
207 1735 229 1774 te
239 1728 343 1776 dictum?
360 1730 409 1792 quI,
421 1743 474 1776 cum
489 1743 574 1791 uquam
590 1727 682 1776 vidisset
693 1743 721 1774 ex
733 1735 804 1789 puteo

136 1790 253 1849 haustam,
265 1800 330 1839 terro
340 1800 430 1839 motum
441 1792 500 1839 dixit
512 1792 625 1840 futurum.
650 1792 745 1848 Parum,
757 1806 805 1837 cre-

138 1853 176 1913 do,
188 1855 341 1918 impudenter,
349 1856 420 1920 quod,
427 1871 480 1904 cum
487 1856 560 1904 fectus
571 1865 628 1908 esset
638 1865 723 1914 motus,
733 1854 806 1908 diceus

137 1919 231 1977 audent,
244 1936 296 1984 quae
307 1921 340 1968 vis
351 1920 375 1968 id
386 1921 497 1968 effecerit:
515 1921 613 1968 etiamm
627 1921 734 1968 futurum
748 1933 804 1978 csse,

134 1997 205 2046 oquae
221 1984 283 2048 jugis
302 1985 375 2033 colore
391 1986 558 2049 presentium?
582 1985 662 2033 Mults
677 1981 806 2031 istiusmodi

133 2045 246 2096 dicuntur
263 2049 288 2096 in
306 2050 401 2098 scholis:
420 2049 468 2110 sed,
486 2050 575 2103 credere
592 2051 678 2109 omnis,
698 2048 758 2109 vide,
776 2061 805 2094 ne

132 2125 185 2158 ¹non
196 2112 227 2160 sit
237 2127 331 2162 necesse.

133 2197 135 2202 ·
172 2176 261 2225 Verum
278 2179 324 2226 sint
340 2194 394 2227 sene
409 2179 453 2227 iste
467 2178 612 2227 Democritea
627 2193 696 2226 vm:
730 2175 806 2225 ucndo

138 2255 166 2287 ee
176 2255 218 2290 nos
233 2243 290 2290 extis
305 2243 464 2308 exquirimus?
481 2251 521 2291 eut
535 2243 628 2306 quando
642 2193 730 2306 aliquid
746 2241 806 2302 ejus·

138 2305 203 2353 modi
214 2309 243 2354 ab
257 2307 385 2372 hcmspIce,
396 2309 502 2373 Inspectis
517 2308 583 2368 extis,
599 2305 748 2354 audivimus?
764 2305 805 2353 Ab

140 2371 202 2445 equis
210 2380 251 2419 eut
261 2375 290 2420 eb
301 2373 350 2436 igni
360 2373 461 2436 periculo
470 2381 579 2420 monent:
597 2380 649 2419 tum
655 2370 805 2429 hereditates,

139 2443 191 2482 tum
206 2437 300 2498 domna,
311 2437 462 2486 denuntiant:
480 2438 560 2488 fissum
574 2436 686 2484 feniliure
700 2444 723 2483 et
739 2433 806 2492 vitale
904 2485 913 2494 ,

136 2507 248 2548 tractent:
267 2512 335 2566 caput
348 2502 428 2565 Jecoris
444 2517 473 2550 ex
486 2501 550 2549 omni
560 2511 625 2568 perte
635 2499 806 2565 diligentissime

135 2565 293 2614 considerant:
312 2567 394 2615 sivero
408 2565 432 2613 id
443 2581 489 2614 non
501 2575 535 2616 est
545 2567 675 2626 inventum,
691 2565 750 2614 nihil
763 2579 806 2638 pu-

133 2637 191 2678 tant
201 2631 301 2681 accidee
311 2633 412 2696 potuisse
422 2631 515 2681 tristius.
