1858 2946
99 183 132 233 ot
165 179 212 230 DE
225 177 478 268 mvlrmulouu,
491 179 551 228 Iao.
565 178 600 229 11.
613 176 676 228 Coa.
687 179 711 225 ¹2.

102 319 164 368 trat;
181 306 246 357 docet
263 307 335 367 erdm,
351 309 382 356 ad
396 311 461 358 beate
476 309 609 368 vivendum,
626 308 736 357 virtutem
752 321 778 356 se

101 375 154 438 ipsi
168 389 216 422 esse
226 383 365 433 contentam.
393 375 487 434 Quibus
497 377 564 422 rebus
575 373 650 432 editis,
667 379 712 419 tres
722 372 781 425 libri¹

103 438 198 503 perfecti
213 445 267 485 suut
282 437 311 485 de
325 437 409 486 naturb
424 439 544 494 Deorum;
561 439 586 486 in
601 437 686 500 quibus
700 436 776 484 omnis

103 504 153 565 ejus
161 502 207 550 loci
215 501 310 565 quaetio
321 502 456 550 continetur.
483 502 544 560 Quor
554 511 582 550 ut
591 503 662 566 plenel
669 508 727 548 esset
737 516 777 548 eu-

86 572 88 579 '
103 568 237 630 mulateque
251 565 360 630 perfecta,
375 565 404 614 dc
419 567 567 615 Divinatione
583 565 679 629 ingressi
696 579 777 612 sumus

105 631 141 679 his
152 630 216 678 libris
227 631 338 678 scriberet
356 631 440 706 quibus
451 635 488 685 (ut
498 640 532 680 est
542 632 567 678 in
578 631 665 688 animo)
676 627 706 676 de
716 629 776 676 Fato

105 695 125 744 si
142 695 326 756 adjunxerimus,
343 703 385 742 ent
401 695 493 743 abunde
507 695 649 743 satisfactum
664 692 706 740 toti
720 691 776 740 huic

121 759 233 806 uarstioni.
249 759 331 822 Atque
338 759 374 807 his
381 759 446 806 libris
456 758 624 807 annumerandi
634 765 688 804 sunt
698 771 738 804 sex
746 756 775 804 de

132 823 245 887 epublici,
263 839 321 886 quos
335 831 390 872 tune
400 824 539 888 scripsimus,
557 839 610 872 cum
621 821 776 884 gubemacola

105 888 237 951 reipublicae
251 889 391 935 tenebamus.
417 887 520 950 Magnus
530 889 602 945 locus,
614 884 776 948 philosophie-

105 966 151 1015 que
168 951 282 1015 proprius,
299 966 313 998 a
332 951 437 1009 Platone,
455 951 588 1010 Aristotele,
606 949 775 1012 Theophrasto,

105 1016 201 1078 totique
212 1015 415 1078 Peripateticorum
425 1015 522 1076 familiia,
534 1023 644 1062 tractabis
653 1013 776 1061 uberrime

107 1079 171 1127 Nom
180 1077 237 1142 quid
245 1093 287 1142 ego
298 1079 327 1126 de
338 1081 355 1107 “
365 1079 540 1127 Consolatione”
551 1079 646 1126 dicum?
657 1093 710 1142 qua
717 1076 777 1125 mihi

106 1143 201 1206 quidem
212 1143 256 1206 ipsi
266 1157 320 1190 sane
330 1143 476 1206 aliquantum
489 1143 608 1191 medetur:
626 1141 777 1192 setensium

106 1207 208 1254 multum
217 1207 281 1254 illam
289 1207 434 1271 profuturam
441 1215 505 1271 puto.
522 1208 658 1268 Interiectus
665 1215 699 1254 est
707 1205 777 1253 etiam

107 1285 181 1336 nuper
191 1271 249 1319 liber
260 1271 289 1330 is,
304 1287 375 1335 quem
389 1272 419 1320 ed
433 1280 537 1320 nostrum
550 1271 658 1319 Atticum
670 1269 725 1318 “de
735 1271 776 1319 Se-
870 1315 875 1328 ,

107 1336 214 1384 nectute''
229 1336 342 1384 misimus.
367 1337 396 1384 In
407 1337 541 1401 primisque,
552 1336 662 1400 quoniam
676 1335 776 1398 philoso-

107 1401 165 1464 phio
179 1401 214 1449 vir
227 1401 302 1449 bonus
313 1401 409 1449 efficitur
422 1410 445 1449 et
458 1401 531 1461 fortis,
547 1401 605 1448 Cato
615 1409 690 1448 noster
700 1398 724 1445 in
734 1398 778 1446 ho·
797 1441 800 1448 .

107 1466 382 1528 rumlibrorumnumero
420 1465 555 1513 nendusest.
573 1463 777 1528 CumquaAristo-

110 1531 175 1589 teles,
191 1531 297 1594 itemquev
311 1529 394 1593 Theop
411 1539 491 1586 raonis,
509 1529 642 1576 excellentes
662 1527 705 1575 viri
722 1541 777 1575 cum

108 1593 241 1653 subtilitate,
250 1595 300 1658 nui
309 1593 382 1656 copiis,
394 1609 447 1640 cum
455 1592 599 1655 philosophiil
609 1589 699 1639 dicendi
706 1590 777 1638 etiam

108 1664 221 1730 precepta
235 1656 410 1768 conplunxerinm
427 1656 498 1703 nostri
512 1671 604 1718 quoque
618 1654 709 1702 oratorii
722 1655 776 1702 libri

108 1733 133 1765 ιιι
150 1719 257 1766 eumdem
292 1733 400 1766 umerum
416 1719 527 1766 referendi
544 1719 665 1766 videntur:
682 1718 715 1766 ita
730 1727 776 1767 tres

109 1791 176 1895 pepigit
187 1785 205 1811 “
216 1783 247 1871 dp
256 1782 354 1831 Oratore
361 1783 387 1840 ;”
398 1792 502 1847 quercus,
514 1783 627 1831 “Brutus
635 1784 661 1840 ;''
672 1782 776 1846 quintus,

161 1855 229 1894 rator.
720 1873 722 1878 ,

141 1910 177 1958 11.
193 1911 281 1959 Adhuc
290 1911 341 1960 hcet
350 1921 421 1960 erant
438 1913 480 1962 Ad
489 1913 578 1977 reliqua
588 1911 657 1961 alacri
668 1911 776 1960 tendeba-

107 1987 161 2022 mus
179 1975 264 2036 ammo,
281 1976 313 2024 sic
327 1976 409 2040 periti,
426 1986 461 2036 ut,
478 1978 522 2025 nisi
535 1984 589 2041 que
604 1991 672 2025 causa
686 1976 776 2040 gravior

107 2039 239 2098 obstitisset,
254 2041 347 2088 nullum
363 2041 513 2106 philosophie
528 2043 605 2089 locum
624 2057 670 2089 esse
688 2049 775 2104 petere-

108 2117 170 2214 tlt
181 2104 276 2216 tlt?
284 2103 775 2233 hffiimssidi'hiiliffiiffl

108 2245 197 2292 sumus,
214 2247 285 2296 quom
298 2235 318 2280 si
332 2233 439 2284 docemus
453 2243 523 2298 atque
537 2234 653 2282 erudimus
665 2233 775 2294 juventu·

108 2299 174 2344 tem?
191 2297 227 2344 his
236 2298 362 2360 presertim
372 2299 474 2347 moribus
484 2307 553 2362 atque
563 2298 712 2362 temporibus,
723 2295 776 2359 qui-

108 2361 152 2408 bua
162 2360 195 2407 ita
204 2363 310 2426 prolapsa
327 2371 368 2421 cst,
386 2372 413 2411 ut
426 2363 531 2411 omnium
545 2362 627 2426 opibus
641 2359 776 2410 refrenanda

108 2439 135 2472 ec
152 2426 273 2474 mbioenda
290 2426 325 2474 sit.
349 2427 400 2476 Nec
415 2443 468 2476 voro
484 2427 509 2475 id
526 2427 584 2476 effici
597 2441 663 2490 posse
677 2424 775 2485 confido,

108 2489 172 2553 quod
182 2505 211 2538 ne
221 2490 385 2554 postulandum
396 2491 490 2570 quidem
500 2501 542 2553 est,
560 2500 587 2540 ut
599 2507 678 2539 omnes
688 2490 777 2539 odoles-

108 2563 184 2602 centes
197 2570 222 2602 se
232 2555 321 2616 adhoc
331 2557 407 2605 studia
420 2565 558 2606 convertant.
583 2557 654 2604 Pauci
668 2555 775 2604 utinam!

109 2633 209 2728 puorum
224 2628 299 2670 tamen
317 2621 342 2668 in
359 2622 477 2686 republica
493 2623 540 2670 late
553 2630 630 2686 patere
644 2621 727 2686 poterit
741 2619 777 2668 iu-

124 2685 202 2733 ustrio.
221 2685 336 2750 eqridem
349 2703 376 2736 er
386 2687 424 2738 his
434 2687 503 2738 etism
513 2687 616 2742 fructum
624 2686 688 2753 capio
695 2686 779 2735 laboris
