1862 2964
108 145 155 204 224
207 145 256 196 ΒΕ
272 143 429 206 ormena,
447 140 541 197 Iuni.
559 145 623 196 Gar·
633 146 674 204 28

103 273 182 322 (licant
196 289 233 334 aa,
250 289 303 338 quc
312 274 416 340 plerique
425 274 545 337 mirentur,
556 271 654 337 impmia
662 280 686 323 et
699 273 776 348 magis

103 344 195 398 stratus,
212 338 240 387 iis
253 354 301 388 non
308 339 378 387 modo
387 353 435 386 non
447 337 520 399 laudi,
536 353 617 388 verum
627 337 697 386 etiam
707 337 774 398 vitro,

104 401 208 450 dandum
218 410 282 466 puto.
309 404 417 463 Quorum
428 403 552 464 judicium,
567 401 594 450 in
607 417 634 450 eo
648 401 712 464 quod
722 402 774 464 glo-

104 464 164 514 riam
174 475 322 516 contemnant
331 476 354 516 at
363 483 406 531 pro
415 467 488 515 nihilo
502 475 592 531 putant,
608 465 700 514 difficile
710 466 774 514 faena

104 539 139 578 est
153 545 200 578 non
217 535 325 595 probarer
342 532 382 582 sed
396 531 501 580 videntur
514 532 602 580 labores
615 537 639 580 et
647 529 773 588 molestias,

104 601 157 642 tum
167 595 327 658 offensionum,
343 603 395 644 tum
405 597 556 660 repulsarum
570 595 636 658 quasi
646 593 774 657 quamdam

104 657 265 722 ignominiam,
281 661 369 721 timere,
386 659 545 708 etinfamiam.
572 659 633 707 Sunt
643 658 714 716 enirn,
731 657 774 722 qui

104 722 131 770 iu
144 726 213 773 rebus
223 725 339 773 contrariis
349 740 432 789 parum
442 725 486 773 sibi
496 731 614 780 constent;
631 723 774 784 voluptatem

105 789 244 838 merissime
262 798 416 850 contemnant,
438 789 464 836 in
482 789 560 836 dolore
578 787 624 836 siut
641 786 773 842 mollioresr

120 851 202 901 loriam
210 853 334 916 negligunt,
342 853 477 916 frangantur
484 851 595 902 mfamibr
607 859 676 914 atque
686 849 775 916 esqui-

170 931 216 964 non
227 917 280 964 satis
291 925 424 965 constanter.
767 959 769 964 ,

137 980 183 1028 Sed
200 980 236 1039 iis,
253 980 294 1043 qui
310 981 395 1028 habent
412 996 427 1028 a
443 979 527 1030 naturb
543 980 677 1041 adjumenta
694 993 774 1032 renim

104 1043 264 1106 garridarum,
281 1045 369 1106 abjecti
385 1045 450 1093 omni
465 1044 617 1103 ermetatione,
628 1042 774 1106 *adipiscendi
801 1095 803 1102 ,

105 1106 260 1169 magistratus,
276 1118 299 1156 et
317 1109 416 1172 gerenda
433 1109 561 1172 respublica
578 1117 618 1156 est.
642 1108 694 1155 Neo
709 1107 773 1156 enim

104 1171 171 1221 aliter
180 1181 221 1220 aut
231 1172 279 1236 regi
287 1171 373 1234 civitas,
384 1183 426 1222 aut
432 1171 780 1234 declararianimimagnitudo,'

104 1243 186 1298 potest.
203 1237 377 1300 Capessentibus
387 1247 465 1286 autem
472 1237 637 1301 rempublicam
647 1235 720 1284 nihilo
728 1235 774 1284 mi-

105 1313 158 1359 nus,
167 1316 238 1375 quam
248 1302 396 1376 philosophis,
407 1301 471 1350 haud
481 1301 526 1350 acio
536 1317 566 1350 an
576 1300 650 1363 magis
660 1299 738 1358 etiam,
750 1308 774 1348 et

105 1365 283 1427 magmficenna,
299 1376 322 1414 et
339 1365 484 1430 despicientia
500 1365 629 1414 adiribenda
646 1365 677 1412 sit
694 1379 773 1412 rerum

106 1425 270 1491 humanarum,
286 1437 309 1478 et
319 1447 354 1489 ea,
366 1445 437 1494 quam
446 1430 575 1493 saepedico,
586 1437 609 1476 et
619 1428 773 1492 tranquillitao

105 1492 178 1540 animi
192 1503 261 1558 atquc
275 1495 396 1552 securitas;
413 1495 433 1542 si
449 1495 543 1558 quidem
560 1508 602 1542 nec
618 1493 682 1540 anxii
698 1493 773 1540 futuri

105 1566 170 1625 arun,¹
185 1566 208 1604 et
224 1573 278 1605 cum
294 1558 405 1621 mutate
418 1558 590 1621 constantiique
599 1557 688 1605 victuri.
711 1557 774 1616 Qua

104 1634 133 1666 eo
146 1619 247 1668 faciliora
261 1630 315 1668 sunt
328 1622 476 1684 philosophis,
493 1637 540 1685 quo
554 1622 631 1669 minus
645 1622 720 1668 multa
730 1637 773 1684 pa..

104 1690 154 1730 tent
163 1683 188 1730 in
199 1699 278 1731 eorum
287 1685 343 1744 vita,
355 1702 408 1748 qun
417 1685 510 1732 fortuna
519 1685 593 1745 feriat,
605 1693 628 1733 at
637 1699 684 1748 quo
694 1684 773 1733 minus

105 1746 184 1794 multis
194 1749 262 1794 rebus
273 1756 354 1810 egent3
371 1757 394 1796 et
404 1749 467 1813 quia,
478 1750 498 1796 si
508 1749 565 1813 quid
575 1749 662 1798 adversi
672 1748 771 1808 eveniat,

105 1817 154 1856 tam
163 1810 262 1874 graviter
269 1812 348 1860 cadere
358 1827 404 1860 non
412 1822 513 1876 possunt
536 1813 659 1874 Quocirca,
667 1827 714 1861 uon
722 1814 772 1861 nna

105 1872 174 1920 causi
184 1875 280 1934 majores
290 1886 367 1925 motus
374 1877 504 1925 animorum
512 1878 661 1937 concitantur,
672 1879 772 1938 majora·

105 1951 151 2000 que
165 1938 290 2000 efficienda,
301 1941 466 2005 rempublicam
505 1943 615 2001 rentibus,
627 1957 698 2004 quom
706 1942 772 2004 quie-

105 2001 471 2069 b'scquomagishisetmagnitu
487 2005 771 2068 oarumiestadhibends,

105 2067 238 2115 amorim
248 2071 278 2117 ab
288 2070 418 2132 angoribus.
769 2105 772 2110 ι

136 2131 178 2178 Ad
188 2147 237 2180 rem
250 2133 373 2196 gerenduu
383 2142 461 2184 autem
473 2135 515 2198 qui
529 2135 622 2193 accedit,
639 2142 725 2195 caveat,
740 2148 771 2182 ne

104 2187 129 2247 id
143 2195 212 2243 modo
228 2197 360 2256 consideret,
377 2214 448 2262 quam
464 2199 506 2247 illa
519 2215 554 2248 res
568 2199 662 2246 honesta
676 2199 714 2259 sit,
731 2198 770 2246 sed

103 2257 182 2317 etiarn,
199 2268 226 2307 ut
235 2261 318 2310 habeat
328 2262 439 2311 efficiendi
448 2262 587 2311 facultatem.
614 2263 645 2310 In
660 2279 707 2327 quo
721 2263 772 2326 ipso

103 2321 292 2396 continuandum
307 2336 348 2386 eat,
365 2341 394 2374 ne
404 2336 445 2374 aut
454 2335 538 2374 temere
551 2325 663 2390 desperet,
679 2336 772 2390 propter

103 2399 228 2446 rgnavm
245 2398 286 2437 aut
302 2391 370 2438 nimis
386 2390 493 2449 confidat,
508 2399 600 2454 propter
614 2391 771 2454 cupiditatum

105 2447 136 2502 In
145 2450 252 2498 omnibus
263 2461 340 2502 autem
350 2454 454 2516 negotiis,
465 2454 536 2517 prius,
548 2469 620 2518 quam
629 2455 772 2519 aggrediare,

103 2511 232 2572 adhibenda
242 2526 276 2564 eat
285 2518 419 2581 preparatio
427 2517 532 2580 diligens

136 2575 222 2652 nxn.
239 2579 293 2640 Sed,
310 2597 363 2630 cum
374 2581 476 2645 plerique
485 2583 623 2632 arbitrantur
632 2598 668 2632 rea
678 2583 772 2634 bellicas

104 2652 339 2709 muuacesoequam
352 2647 465 2706 urbanam
482 2646 772 2714 muumdaertbuoopi.

917 615 925 753 l

908 834 925 964 t
