1858 2946
179 167 180 170 ¹
200 141 253 192 DE·
264 139 516 202 DIVINATIONE,
524 141 583 191 Lm.
594 140 630 190 IL
637 139 701 192 Gir.
711 139 748 198 17.
776 143 810 201 67

129 271 308 336 haruspicinam
318 285 396 320 verm
407 285 454 319 esse
464 271 542 328 mitis,
556 270 722 336 physiologiam
733 280 806 321 totum

137 337 274 400 pervertitis.
298 335 376 399 Caput
390 345 424 383 est
437 336 462 382 In
478 335 561 396 jecore,
573 351 611 383 oor
625 335 650 382 in
665 337 740 392 extis;
755 338 806 398 jum

134 401 250 457 suecedet,
266 400 336 448 simul
359 415 386 447 nc
406 399 493 447 molam
514 409 538 447 et
558 400 639 447 viuum
660 400 805 463 insperseris!

137 463 204 512 Deus
223 464 248 511 id
266 463 360 527 eripiet!
379 463 413 511 vis
430 464 507 527 aliquo
525 463 636 523 conficiet,
653 473 694 511 cut
711 465 806 513 exudet!

137 528 164 576 N
165 543 196 576 on
202 543 256 591 ergo
262 528 368 586 omniurn
374 527 478 575 imeritus
485 537 554 591 stque
562 529 637 576 obitus
644 537 726 576 notura
736 529 807 577 confi.

137 593 198 649 ciet:
216 601 239 640 et
249 592 292 640 erit
302 591 398 655 aliquid,
410 592 473 667 quod
482 601 523 640 sut
537 607 567 640 ex
577 592 649 639 nihilo
660 592 753 652 oriatur,
765 604 806 642 sut

137 656 163 704 in
174 657 275 704 nihilum
286 656 362 704 subito
375 657 469 704 occidat.
492 656 553 715 Quis
568 657 612 704 hoc
625 656 733 719 physicus
747 657 806 706 dixit

137 724 260 834 ppiflunmtp⁹
278 721 417 833 nemim
423 720 659 832 dicffiffispigim’
668 736 739 784 quum
746 721 807 786 phy-

157 800 339 908 wilzum
347 799 604 912 Instilnflpilirlrsibusoeffiis
613 848 755 907 immolatur,
762 849 805 914 qui

137 914 232 962 tandem
240 913 323 972 evenit,
331 923 359 960 ut
366 913 445 960 litetru
455 913 513 972 aliis,
522 913 573 960 aliis
583 927 629 961 non
639 913 732 961 litetur?
743 913 806 973 Quae

135 987 214 1026 sutem
225 977 376 1026 inconstantis
387 977 491 1024 Deorum
504 987 545 1038 est,
557 985 584 1025 ut
597 979 678 1041 primis
688 979 805 1026 minentur

134 1043 203 1101 extis,
214 1044 273 1090 bene
286 1041 422 1104 promittant
432 1041 554 1090 secundis?
571 1051 612 1090 sut
622 1051 686 1090 tants
695 1043 755 1090 inter
766 1059 804 1091 eos

134 1106 253 1164 dissensio,
271 1121 331 1169 saepe
345 1106 414 1153 etiam
428 1105 488 1153 iuter
502 1106 627 1169 proximos,
642 1115 670 1154 ut
683 1107 803 1170 Apollinis

134 1180 188 1220 exto
204 1173 267 1218 bonu
284 1171 338 1230 tint,
354 1169 437 1217 Dinnis
455 1185 501 1216 non
515 1172 596 1218 bonci
619 1171 684 1230 Quid
702 1181 736 1220 est
753 1183 802 1220 tam

133 1235 291 1300 perspicuum,
303 1249 382 1298 quam,
394 1249 448 1282 cum
458 1234 552 1281 fortuito
562 1234 642 1283 hostie
652 1235 803 1294 adducuntur,

133 1300 190 1348 talis
200 1299 284 1362 cuique
292 1307 345 1346 exto
352 1313 407 1352 esse,
415 1298 490 1361 qualis
500 1299 537 1346 cui
554 1315 583 1345 ue
593 1299 700 1361 obtigerit
707 1299 802 1348 hostia?

134 1365 171 1412 At
182 1363 244 1411 eninr
255 1363 280 1409 id
290 1363 367 1426 ipsum
377 1363 447 1410 habet
461 1315 553 1425 sliquirI
564 1361 644 1420 dirim,
656 1377 708 1425 quae
719 1364 803 1426 cuique

132 1428 209 1484 hostin
219 1427 331 1490 obtinget,
343 1433 462 1490 tamquam
472 1427 497 1473 in
506 1426 612 1486 sortibus,
624 1441 676 1488 quae
687 1427 725 1474 cui
734 1426 804 1474 duos·

133 1502 180 1540 tur.
203 1491 265 1539 Mox
279 1491 308 1538 de
323 1491 434 1539 sortibusz
452 1505 595 1554 quamquam
610 1499 636 1536 tu
652 1490 746 1554 quidem
756 1505 804 1538 non

132 1556 261 1604 hostiarum
272 1571 350 1603 cesum
361 1555 481 1602 confirmas
491 1554 587 1602 sortium
598 1554 754 1615 similitudine,
764 1553 803 1602 sed

133 1621 238 1668 infirmas
247 1628 316 1668 sortes
327 1619 446 1668 collatione
456 1619 590 1668 hostiarium

165 1685 217 1744 An,
237 1699 291 1732 cum
307 1683 331 1729 in
349 1683 519 1747 AEquimelinrn
535 1683 648 1743 misimus,
664 1684 706 1748 qui
722 1685 803 1732 afferst

132 1763 230 1814 sgnum,
242 1764 313 1812 quem
323 1748 485 1804 immolemns3
502 1748 522 1796 is
537 1748 596 1795 mihi
610 1764 684 1812 agnus
699 1749 801 1808 offertur,

106 1835 118 1846 ·
134 1815 178 1878 qui
193 1814 265 1861 hebet
277 1822 330 1860 extc
344 1814 412 1860 rebus
427 1812 605 1872 accommodato,
616 1822 639 1861 et
654 1813 683 1860 sd
697 1829 751 1861 eum
762 1829 804 1876 ag·

133 1889 194 1925 num
212 1892 260 1924 non
279 1893 341 1935 cusu,
359 1876 399 1924 sed
415 1877 474 1924 duce
490 1876 550 1935 Deo,
569 1893 645 1925 servus
662 1874 803 1926 deducitur?

136 1943 211 2002 Nem,
221 1942 240 1989 si
251 1956 330 1988 casum
340 1941 365 1988 iri
376 1955 402 1988 eo
413 1955 505 2004 quoque
515 1940 571 1988 dicis
582 1957 637 2000 esse,
645 1942 711 2005 quusi
719 1950 803 1989 sortem

134 2005 262 2070 quamdam
273 2020 326 2052 cum
337 2005 441 2052 Deorum
456 2006 572 2052 voluntate
583 2007 744 2066 conjunctum
761 2007 804 2053 do-

133 2071 181 2127 leo,
198 2079 287 2118 tantum
302 2071 389 2117 Stoicos
405 2077 492 2117 nostros
507 2069 626 2132 Epicureis
640 2070 749 2118 irridendi
767 2071 804 2118 sui

134 2135 269 2182 fucultatem
285 2133 387 2181 deduce:
412 2147 459 2180 non
475 2133 537 2181 enirn
553 2133 652 2196 ignoras,
670 2150 742 2198 quam
760 2134 805 2184 ista

133 2199 261 2246 derideant
285 2197 319 2246 Et
337 2198 431 2262 quidem
449 2197 484 2244 illi
502 2197 591 2245 facilius
609 2198 682 2246 facere
717 2208 803 2248 ossunt.

134 2263 200 2312 Deos
217 2262 280 2313 enim
296 2262 365 2326 ipsos,
382 2261 475 2324 jocandi
489 2262 566 2321 causi,
581 2261 674 2311 induxit
711 2263 812 2326 picurus

133 2327 271 2392 pellucidos,
278 2334 301 2374 et
311 2326 446 2390 perflabiles,
456 2334 479 2373 et
488 2325 625 2385 habitantes,
634 2335 753 2391 tamquam
763 2330 804 2376 In.

135 2391 243 2440 terDuos
248 2390 499 2448 Iruoos,sicinterduos
507 2391 710 2455 mundos,propter
715 2401 806 2440 metum

136 2456 273 2504 ruinnmmr
292 2470 375 2518 eosque
384 2455 468 2503 habere
478 2461 544 2518 putot
552 2455 631 2502 ecdem
639 2458 743 2504 membra
754 2472 807 2518 quae

136 2535 189 2579 nos,
201 2535 243 2568 nec
253 2534 324 2566 usum
334 2520 410 2566 ullum
424 2519 507 2566 habere
521 2522 685 2567 membrorum.
702 2519 767 2581 Ergo
777 2521 806 2580 is,

136 2583 271 2633 circuitione
285 2583 386 2647 quisdam
401 2583 464 2631 Deos
478 2583 569 2642 tollens,
583 2593 642 2631 recte
655 2598 702 2630 non
716 2582 807 2631 dubitat

134 2648 301 2698 divinationem
317 2649 401 2696 tollere.
429 2648 475 2696 Sed
490 2663 545 2706 non,
561 2657 588 2694 ut
602 2647 640 2694 hic
654 2647 697 2694 sibi
711 2653 807 2705 constat,

137 2715 196 2762 item
208 2713 285 2762 Stoici.
304 2713 371 2762 Illius
385 2713 447 2766 enim
460 2713 535 2771 Deus,
547 2711 605 2759 nihil
618 2711 705 2758 habens
716 2723 757 2758 nec
772 2711 808 2762 sui
