1864 2958
156 173 206 222 seo
247 171 467 232 otiosumne,
485 169 608 228 nunu
627 167 691 218 oss.
703 129 744 219 es.

156 302 251 365 captivis
265 295 500 352 diuuuums'sssett
523 298 596 358 Quod
611 299 743 346 maximum
760 301 786 348 in
802 309 832 348 ed
917 319 918 354 ι

157 374 198 422 est,
215 365 239 412 id
256 364 427 428 reprehenditis.
453 363 509 411 Non
523 364 585 410 enim
600 378 641 410 suo
654 363 743 423 judicio
757 365 831 421 stetit,
917 377 918 394 ³

155 429 196 476 sed
211 431 309 494 suscepit
319 443 421 487 oausam,
436 437 463 475 ut
473 435 530 476 esset
538 427 652 488 judicium
665 430 772 484 senatun
792 429 831 476 eui

155 493 199 540 nisi
207 494 260 556 ipse·
266 502 344 542 suetos
354 493 442 552 fuisset,
454 491 650 554 captivi‘profecto
658 491 737 538 Poenis
745 493 830 550 redditi

156 566 237 606 essent.
262 559 300 606 Itu
313 558 435 605 incolumis
449 557 473 602 in
488 555 563 618 patrii
573 555 679 618 Regulus
693 556 829 604 restidssets

155 621 219 686 quod
234 622 289 686 quis
303 622 382 688 patrie
396 635 443 668 non
456 619 513 668 utile
523 620 622 682 putavit,
635 619 719 666 ideireo
730 620 773 667 sibi
786 621 830 667 ho-

155 694 248 734 nestum
263 694 286 735 st
298 686 380 734 sentire
390 685 438 744 illu,
451 693 474 731 et
482 683 539 746 poti,
551 683 652 730 eredidit.
678 683 752 742 Num,
764 685 830 746 quod

156 751 230 810 siunt,
242 751 304 814 quod
314 749 380 798 valde
390 749 447 799 uu'le
457 749 494 806 sit,
508 747 533 796 id
541 747 589 795 fieri
597 747 735 803 honestum
753 748 831 796 immo

155 829 209 862 vero
220 830 275 872 esse,
286 829 332 862 non
344 813 399 863 fieri.
423 813 467 860 Est
475 812 537 859 enim
545 810 605 858 nihil
616 811 680 871 utile,
692 811 756 874 quod
764 812 829 859 idem

154 892 202 926 non
212 879 349 928 honestum:
366 889 416 934 neo,
431 877 486 939 quia
496 875 561 936 utile,
577 874 699 922 honestum
710 883 760 934 θείς
777 876 830 936 sod,

154 941 436 1063 quffiffiestffissffi
450 1003 530 1051 multis
545 1002 690 1052 mirabilibus
703 1005 828 1068 exemplis,

155 1068 220 1116 haud
232 1068 299 1116 facile
311 1069 363 1131 quis
373 1067 456 1117 dixerit
466 1068 509 1116 hoo
519 1068 626 1130 exemplo
634 1075 676 1114 sut
686 1067 830 1118 laudabilius

156 1140 198 1190 eut
215 1132 366 1195 praestsntius
394 1131 448 1192 sed,
468 1147 497 1179 ex
514 1131 562 1180 toti
580 1132 624 1178 hee
641 1130 711 1178 laude
728 1132 828 1195 Reguli,

155 1211 230 1243 unum
244 1196 304 1246 illud
318 1205 351 1247 est
366 1194 514 1244 admisatione
528 1195 635 1257 dignum,
650 1195 713 1258 quod
724 1197 829 1259 captivos

154 1260 285 1314 setinendos
295 1260 413 1309 censuerit.
439 1260 511 1318 Nem,
527 1259 589 1322 quod
599 1259 674 1316 rediit,
685 1261 752 1308 nobis
763 1275 828 1309 nunc

154 1325 259 1373 mimbile
273 1325 377 1374 uidetur:
394 1323 440 1376 illis
454 1324 547 1388 quidem
563 1325 704 1386 temporibus
715 1323 782 1372 aliter
791 1325 830 1372 fa.

155 1403 205 1436 oere
217 1404 264 1438 non
278 1389 360 1454 potuit
385 1389 467 1452 Itaque
481 1388 525 1436 ista
538 1387 589 1434 leus
604 1401 650 1434 nou
666 1395 700 1435 est
714 1387 827 1447 hominis,

154 1453 194 1501 sed
205 1461 350 1518 temporums
367 1453 459 1500 nullum
473 1452 535 1502 enim
546 1450 674 1511 vinculum,
684 1449 715 1498 ad
725 1453 827 1500 adstrin-

184 1516 254 1564 ndem
264 1517 343 1577 fidem,
353 1515 502 1578 Jurejursndo
511 1515 609 1574 maiores
622 1515 706 1563 arctius
721 1531 770 1564 esse
784 1533 827 1564 vo-

152 1533 253 1628 fderunt.
277 1580 307 1628 Id
318 1581 420 1628 indicant
429 1580 491 1642 leges
503 1579 527 1626 in
538 1579 592 1626 ΧΠ
603 1580 704 1636 tabuliss
721 1579 828 1630 indicent

153 1653 261 1698 samatus
278 1643 380 1691 mdicant
393 1643 486 1703 fudero,
504 1643 588 1707 quibus
602 1643 672 1690 etium
688 1658 743 1690 eum
758 1645 826 1694 hoste

152 1704 280 1754 devincitur
290 1707 361 1762 fides3
377 1707 479 1754 indicunt
490 1707 593 1754 notiones
606 1707 825 1756 animadversiones-

152 1785 198 1832 que
208 1784 335 1828 eensorum‚
347 1770 388 1832 qui
399 1771 464 1816 nulle
475 1771 503 1817 de
513 1785 538 1817 re
552 1770 693 1833 diligentius,
707 1787 779 1835 quam
794 1773 826 1823 ds

149 1832 308 1894 jurejurando,
318 1833 459 1892 judicabant.

160 1931 163 1936 .
183 1895 258 1945 Ludo
275 1896 375 1954 Manlio,
392 1897 425 1945 A.
441 1896 470 1944 F.
489 1911 543 1944 eum
560 1897 656 1946 dictator
673 1898 762 1960 suimet,
782 1899 822 1948 M.

151 1959 303 2035 Pomponius,
313 1960 418 2008 tribunus
426 1960 508 2022 plebis,
517 1961 578 2008 diem
586 1960 652 2020 dixit,
665 1963 755 2024 quodie
763 1980 822 2026 pou.

151 2039 189 2072 eos
199 2025 243 2072 ubi
253 2025 301 2074 dies
312 2024 342 2072 ed
352 2024 488 2072 dictaturam
496 2025 619 2086 gerendam
631 2026 768 2075 addidisset:
778 2027 825 2075 en'..

151 2089 283 2152 minebutur
293 2089 371 2146 etiam,
382 2087 445 2151 quod
456 2088 538 2136 'litum
549 2089 625 2136 fllium
636 2090 687 2153 (qui
697 2099 776 2153 postes
787 2099 825 2140 est

151 2153 285 2216 Torquatus
301 2153 438 2216 appellatus)
456 2155 485 2200 ab
502 2151 634 2200 homimlms
651 2155 781 2216 relegisset,
798 2167 821 2204 et

150 2217 199 2268 ruri
209 2217 312 2265 habitare
323 2217 432 2277 jussisset.
450 2215 521 2274 Quod
531 2232 584 2264 cum
596 2217 720 2265 audivisset
732 2218 820 2268 adoles.

150 2294 203 2328 cens
218 2281 280 2328 filius
294 2280 412 2342 negotium
428 2281 531 2328 exhiberi
544 2279 619 2342 patuis
638 2282 760 2330 accurrisse
771 2284 821 2330 Ro-

149 2357 222 2401 mam,
239 2352 263 2390 et
276 2359 330 2390 eum
345 2341 419 2406 primi
429 2342 480 2390 luce
491 2344 614 2406 Pomponii
624 2343 720 2392 domum
731 2347 820 2395 venisse

149 2405 239 2466 dieitur.
256 2407 302 2454 Cui
317 2423 370 2455 eum
381 2415 438 2455 esset
452 2407 599 2462 nuntiatum
617 2409 680 2471 quod
694 2409 762 2456 illum
774 2410 820 2457 ire·

148 2477 200 2516 tum
215 2470 339 2518 allaturum
354 2470 384 2518 ed
398 2486 422 2517 se
431 2470 519 2532 aliquid
530 2479 608 2517 eontra
621 2480 710 2534 patrem
722 2473 818 2521 arbitra..
917 2503 918 2516 t

146 2540 225 2580 returs
242 2533 341 2580 surrexit
351 2549 363 2580 e
374 2533 472 2590 lectulos
489 2535 626 2596 semotisque
636 2535 736 2594 arbitris,
752 2537 783 2584 ud
793 2553 818 2586 ss

146 2595 312 2644 adolescentem
320 2597 389 2657 jussit
398 2595 482 2644 venire.
503 2597 597 2658 Asine,
611 2607 638 2646 ut
648 2600 762 2662 ingressus
773 2607 818 2660 est,

145 2658 263 2708 mufestim
280 2659 383 2723 gledium
396 2659 529 2720 deminuit,
544 2662 727 2729 junavitquess
744 2663 822 2718 illum.
