<?xml version="1.0" encoding="UTF-8"?>
<!DOCTYPE html PUBLIC "-//W3C//DTD XHTML 1.0 Transitional//EN"
    "http://www.w3.org/TR/xhtml1/DTD/xhtml1-transitional.dtd">
<html xmlns="http://www.w3.org/1999/xhtml" xml:lang="en" lang="en">
 <head>
  <title>
</title>
<meta http-equiv="Content-Type" content="text/html;charset=utf-8" />
  <meta name='ocr-system' content='tesseract 3.04.00' />
  <meta name='ocr-capabilities' content='ocr_page ocr_carea ocr_par ocr_line ocrx_word'/>
</head>
<body>
  <div class='ocr_page' id='page_1' title='image "./operaexeditioni02cicegoog_0239.png"; bbox 0 0 1862 2964; ppageno 0'>
   <div class='ocr_carea' id='block_1_1' title="bbox 129 159 695 240">
    <p class='ocr_par' dir='ltr' id='par_1_1' title="bbox 129 159 695 240">
     <span class='ocr_line' id='line_1_1' title="bbox 129 159 695 240; baseline 0 -22"><span class='ocrx_word' id='word_1_1' title='bbox 129 172 179 240; x_wconf 80' lang='lat' dir='ltr'>eee</span> <span class='ocrx_word' id='word_1_2' title='bbox 225 169 272 220; x_wconf 84' lang='lat' dir='ltr'>nn</span> <span class='ocrx_word' id='word_1_3' title='bbox 290 169 449 231; x_wconf 78' lang='lat' dir='ltr'>osricus,</span> <span class='ocrx_word' id='word_1_4' title='bbox 467 170 529 219; x_wconf 73' lang='lat' dir='ltr'>nm.</span> <span class='ocrx_word' id='word_1_5' title='bbox 539 170 561 219; x_wconf 89' lang='lat'>1.</span> <span class='ocrx_word' id='word_1_6' title='bbox 578 159 643 219; x_wconf 66' lang='lat' dir='ltr'>cri.</span> <span class='ocrx_word' id='word_1_7' title='bbox 654 171 695 218; x_wconf 76' lang='grc' dir='ltr'>ιι.</span> 
     </span>
    </p>
   </div>
   <div class='ocr_carea' id='block_1_2' title="bbox 86 298 800 1578">
    <p class='ocr_par' dir='ltr' id='par_1_2' title="bbox 128 298 799 538">
     <span class='ocr_line' id='line_1_2' title="bbox 128 298 798 362; baseline 0 -16"><span class='ocrx_word' id='word_1_8' title='bbox 128 298 249 346; x_wconf 84' lang='lat' dir='ltr'>discrimen</span> <span class='ocrx_word' id='word_1_9' title='bbox 259 307 374 348; x_wconf 73' lang='lat' dir='ltr'>vocentur</span> <span class='ocrx_word' id='word_1_10' title='bbox 399 299 580 362; x_wconf 76' lang='lat' dir='ltr'>Promtioresigr</span> <span class='ocrx_word' id='word_1_11' title='bbox 572 299 618 347; x_wconf 84' lang='lat' dir='ltr'>‘tur</span> <span class='ocrx_word' id='word_1_12' title='bbox 628 298 739 348; x_wconf 74' lang='lat' dir='ltr'>debemus</span> <span class='ocrx_word' id='word_1_13' title='bbox 750 313 798 346; x_wconf 86' lang='lat' dir='ltr'>esse</span> 
     </span>
     <span class='ocr_line' id='line_1_3' title="bbox 129 363 800 437; baseline -0.003 -27"><span class='ocrx_word' id='word_1_14' title='bbox 129 363 159 410; x_wconf 71' lang='lat' dir='ltr'>ed</span> <span class='ocrx_word' id='word_1_15' title='bbox 167 371 243 410; x_wconf 86' lang='lat' dir='ltr'>nostra</span> <span class='ocrx_word' id='word_1_16' title='bbox 250 364 387 427; x_wconf 82' lang='lat' dir='ltr'>periculn,q</span> <span class='ocrx_word' id='word_1_17' title='bbox 387 379 442 411; x_wconf 82' lang='lat' dir='ltr'>uem</span> <span class='ocrx_word' id='word_1_18' title='bbox 453 364 482 410; x_wconf 81' lang='lat' dir='ltr'>ed</span> <span class='ocrx_word' id='word_1_19' title='bbox 493 364 632 420; x_wconf 79' lang='lat' dir='ltr'>communie,</span> <span class='ocrx_word' id='word_1_20' title='bbox 643 363 800 437; x_wconf 76' lang='lat' dir='ltr'>dinricereque&#39;</span> 
     </span>
     <span class='ocr_line' id='line_1_4' title="bbox 129 379 799 538; baseline 0 -64"><span class='ocrx_word' id='word_1_21' title='bbox 129 428 230 538; x_wconf 55' lang='lat' dir='ltr'>pegplpus</span> <span class='ocrx_word' id='word_1_22' title='bbox 244 428 273 476; x_wconf 88' lang='lat' dir='ltr'>de</span> <span class='ocrx_word' id='word_1_23' title='bbox 287 379 387 476; x_wconf 87' lang='lat' dir='ltr'>honoreq</span> <span class='ocrx_word' id='word_1_24' title='bbox 388 436 411 476; x_wconf 89' lang='lat' dir='ltr'>et</span> <span class='ocrx_word' id='word_1_25' title='bbox 420 427 502 491; x_wconf 74' lang='lat' dir='ltr'>glorii,</span> <span class='ocrx_word' id='word_1_26' title='bbox 519 443 590 491; x_wconf 81' lang='lat' dir='ltr'>quem</span> <span class='ocrx_word' id='word_1_27' title='bbox 600 428 629 474; x_wconf 89' lang='lat' dir='ltr'>de</span> <span class='ocrx_word' id='word_1_28' title='bbox 639 427 724 475; x_wconf 74' lang='lat' dir='ltr'>ceteris</span> <span class='ocrx_word' id='word_1_29' title='bbox 734 441 799 474; x_wconf 88' lang='lat' dir='ltr'>com·</span> 
     </span>
     <span class='ocr_line' id='line_1_5' title="bbox 131 505 213 538; baseline 0.012 -1"><span class='ocrx_word' id='word_1_30' title='bbox 131 505 156 537; x_wconf 91' lang='lat' dir='ltr'>m</span> <span class='ocrx_word' id='word_1_31' title='bbox 195 507 213 538; x_wconf 88' lang='lat' dir='ltr'>s.</span> 
     </span>
    </p>

    <p class='ocr_par' dir='ltr' id='par_1_3' title="bbox 86 555 799 1578">
     <span class='ocr_line' id='line_1_6' title="bbox 86 555 799 618; baseline -0.001 -15"><span class='ocrx_word' id='word_1_32' title='bbox 86 583 88 587; x_wconf 88' lang='lat'><em>·</em></span> <span class='ocrx_word' id='word_1_33' title='bbox 162 556 254 604; x_wconf 81' lang='lat' dir='ltr'>Inventi</span> <span class='ocrx_word' id='word_1_34' title='bbox 271 565 348 604; x_wconf 83' lang='lat' dir='ltr'>eutem</span> <span class='ocrx_word' id='word_1_35' title='bbox 362 556 431 603; x_wconf 87' lang='lat' dir='ltr'>multi</span> <span class='ocrx_word' id='word_1_36' title='bbox 445 563 507 614; x_wconf 90' lang='lat' dir='ltr'>sunt,</span> <span class='ocrx_word' id='word_1_37' title='bbox 524 555 565 618; x_wconf 92' lang='lat' dir='ltr'>qui</span> <span class='ocrx_word' id='word_1_38' title='bbox 580 569 627 603; x_wconf 87' lang='lat' dir='ltr'>non</span> <span class='ocrx_word' id='word_1_39' title='bbox 642 555 712 603; x_wconf 87' lang='lat' dir='ltr'>modo</span> <span class='ocrx_word' id='word_1_40' title='bbox 727 568 799 616; x_wconf 84' lang='lat' dir='ltr'>pecu·</span> 
     </span>
     <span class='ocr_line' id='line_1_7' title="bbox 130 589 799 728; baseline -0.001 -62"><span class='ocrx_word' id='word_1_41' title='bbox 130 619 202 680; x_wconf 80' lang='lat' dir='ltr'>niem,</span> <span class='ocrx_word' id='word_1_42' title='bbox 219 621 337 668; x_wconf 81' lang='lat' dir='ltr'>sedvitam</span> <span class='ocrx_word' id='word_1_43' title='bbox 348 620 426 678; x_wconf 85' lang='lat' dir='ltr'>etiam,</span> <span class='ocrx_word' id='word_1_44' title='bbox 442 589 578 683; x_wconf 83' lang='lat' dir='ltr'>profundere</span> <span class='ocrx_word' id='word_1_45' title='bbox 588 635 631 694; x_wconf 88' lang='lat' dir='ltr'>pro</span> <span class='ocrx_word' id='word_1_46' title='bbox 638 618 713 682; x_wconf 71' lang='lat' dir='ltr'>patrii</span> <span class='ocrx_word' id='word_1_47' title='bbox 723 618 799 728; x_wconf 75' lang='lat' dir='ltr'>ppruti</span> 
     </span>
     <span class='ocr_line' id='line_1_8' title="bbox 129 682 798 747; baseline -0.004 -15"><span class='ocrx_word' id='word_1_48' title='bbox 129 682 212 743; x_wconf 72' lang='lat' dir='ltr'>essem,</span> <span class='ocrx_word' id='word_1_49' title='bbox 229 685 298 732; x_wconf 91' lang='lat' dir='ltr'>iidem</span> <span class='ocrx_word' id='word_1_50' title='bbox 312 685 391 747; x_wconf 79' lang='lat' dir='ltr'>glorie</span> <span class='ocrx_word' id='word_1_51' title='bbox 403 686 516 744; x_wconf 76' lang='lat' dir='ltr'>jacturam</span> <span class='ocrx_word' id='word_1_52' title='bbox 531 698 561 730; x_wconf 87' lang='lat' dir='ltr'>ne</span> <span class='ocrx_word' id='word_1_53' title='bbox 570 683 691 730; x_wconf 83' lang='lat' dir='ltr'>minimam</span> <span class='ocrx_word' id='word_1_54' title='bbox 700 683 760 745; x_wconf 92' lang='lat' dir='ltr'>quid</span> <span class='ocrx_word' id='word_1_55' title='bbox 760 697 798 730; x_wconf 88' lang='lat' dir='ltr'>em</span> 
     </span>
     <span class='ocr_line' id='line_1_9' title="bbox 124 747 799 812; baseline -0.001 -18"><span class='ocrx_word' id='word_1_56' title='bbox 124 749 203 796; x_wconf 70' lang='lat' dir='ltr'>lacere</span> <span class='ocrx_word' id='word_1_57' title='bbox 218 749 309 805; x_wconf 86' lang='lat' dir='ltr'>vellent,</span> <span class='ocrx_word' id='word_1_58' title='bbox 325 763 354 796; x_wconf 89' lang='lat' dir='ltr'>ne</span> <span class='ocrx_word' id='word_1_59' title='bbox 368 748 485 812; x_wconf 74' lang='lat' dir='ltr'>republici</span> <span class='ocrx_word' id='word_1_60' title='bbox 500 747 594 811; x_wconf 88' lang='lat' dir='ltr'>quidem</span> <span class='ocrx_word' id='word_1_61' title='bbox 610 747 754 810; x_wconf 80' lang='lat' dir='ltr'>postulante.</span> <span class='ocrx_word' id='word_1_62' title='bbox 771 754 799 793; x_wconf 89' lang='lat' dir='ltr'>ut</span> 
     </span>
     <span class='ocr_line' id='line_1_10' title="bbox 130 811 798 875; baseline -0.004 -15"><span class='ocrx_word' id='word_1_63' title='bbox 130 813 286 860; x_wconf 80' lang='lat' dir='ltr'>Callicratidas</span> <span class='ocrx_word' id='word_1_64' title='bbox 287 813 353 875; x_wconf 89' lang='lat' dir='ltr'>,qui,</span> <span class='ocrx_word' id='word_1_65' title='bbox 365 827 418 858; x_wconf 91' lang='lat' dir='ltr'>cum</span> <span class='ocrx_word' id='word_1_66' title='bbox 429 811 655 859; x_wconf 77' lang='lat' dir='ltr'>Lacedtemoniorum</span> <span class='ocrx_word' id='word_1_67' title='bbox 662 811 711 858; x_wconf 79' lang='lat' dir='ltr'>dun</span> <span class='ocrx_word' id='word_1_68' title='bbox 718 811 798 858; x_wconf 84' lang='lat' dir='ltr'>fuisset</span> 
     </span>
     <span class='ocr_line' id='line_1_11' title="bbox 130 875 798 938; baseline 0 -16"><span class='ocrx_word' id='word_1_69' title='bbox 130 877 320 938; x_wconf 81' lang='lat' dir='ltr'>Peloponnesiaco</span> <span class='ocrx_word' id='word_1_70' title='bbox 330 876 399 934; x_wconf 89' lang='lat' dir='ltr'>bello,</span> <span class='ocrx_word' id='word_1_71' title='bbox 411 877 532 938; x_wconf 80' lang='lat' dir='ltr'>multaque</span> <span class='ocrx_word' id='word_1_72' title='bbox 541 875 629 923; x_wconf 80' lang='lat' dir='ltr'>fecisset</span> <span class='ocrx_word' id='word_1_73' title='bbox 639 875 735 937; x_wconf 80' lang='lat' dir='ltr'>egregie,</span> <span class='ocrx_word' id='word_1_74' title='bbox 747 890 798 923; x_wconf 81' lang='lat' dir='ltr'>ver-</span> 
     </span>
     <span class='ocr_line' id='line_1_12' title="bbox 129 939 798 1001; baseline 0 -15"><span class='ocrx_word' id='word_1_75' title='bbox 129 941 158 986; x_wconf 76' lang='lat' dir='ltr'>fit</span> <span class='ocrx_word' id='word_1_76' title='bbox 176 940 206 986; x_wconf 80' lang='lat' dir='ltr'>ad</span> <span class='ocrx_word' id='word_1_77' title='bbox 224 948 352 986; x_wconf 84' lang='lat' dir='ltr'>extremum</span> <span class='ocrx_word' id='word_1_78' title='bbox 371 939 457 998; x_wconf 83' lang='lat' dir='ltr'>omnia,</span> <span class='ocrx_word' id='word_1_79' title='bbox 474 955 527 986; x_wconf 90' lang='lat' dir='ltr'>cum</span> <span class='ocrx_word' id='word_1_80' title='bbox 547 939 640 986; x_wconf 87' lang='lat' dir='ltr'>consilio</span> <span class='ocrx_word' id='word_1_81' title='bbox 656 954 703 986; x_wconf 92' lang='lat' dir='ltr'>non</span> <span class='ocrx_word' id='word_1_82' title='bbox 720 939 798 1001; x_wconf 85' lang='lat' dir='ltr'>paruit</span> 
     </span>
     <span class='ocr_line' id='line_1_13' title="bbox 128 1003 798 1148; baseline 0 -34"><span class='ocrx_word' id='word_1_83' title='bbox 128 1003 563 1125; x_wconf 47' lang='lat' dir='ltr'>diffinimus?</span> <span class='ocrx_word' id='word_1_84' title='bbox 559 1003 798 1148; x_wconf 50' lang='lat' dir='ltr'>,tutudisti</span> 
     </span>
     <span class='ocr_line' id='line_1_14' title="bbox 129 1123 797 1192; baseline 0.003 -16"><span class='ocrx_word' id='word_1_85' title='bbox 129 1131 168 1177; x_wconf 90' lang='lat' dir='ltr'>ille</span> <span class='ocrx_word' id='word_1_86' title='bbox 189 1123 312 1192; x_wconf 79' lang='lat' dir='ltr'>respondit,</span> <span class='ocrx_word' id='word_1_87' title='bbox 335 1131 528 1189; x_wconf 69' lang='lat' dir='ltr'>Lacedaemonios,</span> <span class='ocrx_word' id='word_1_88' title='bbox 553 1131 622 1178; x_wconf 83' lang='lat' dir='ltr'>classe</span> <span class='ocrx_word' id='word_1_89' title='bbox 642 1131 683 1178; x_wconf 81' lang='lat' dir='ltr'>illa</span> <span class='ocrx_word' id='word_1_90' title='bbox 704 1131 797 1188; x_wconf 77' lang='lat' dir='ltr'>aruisse,</span> 
     </span>
     <span class='ocr_line' id='line_1_15' title="bbox 128 1193 797 1258; baseline -0.001 -16"><span class='ocrx_word' id='word_1_91' title='bbox 128 1193 197 1242; x_wconf 79' lang='lat' dir='ltr'>aliam</span> <span class='ocrx_word' id='word_1_92' title='bbox 208 1211 275 1258; x_wconf 85' lang='lat' dir='ltr'>parer</span> <span class='ocrx_word' id='word_1_93' title='bbox 276 1211 288 1242; x_wconf 92' lang='lat' dir='ltr'>e</span> <span class='ocrx_word' id='word_1_94' title='bbox 298 1210 371 1258; x_wconf 84' lang='lat' dir='ltr'>posse,</span> <span class='ocrx_word' id='word_1_95' title='bbox 388 1210 411 1242; x_wconf 89' lang='lat' dir='ltr'>se</span> <span class='ocrx_word' id='word_1_96' title='bbox 421 1194 530 1258; x_wconf 79' lang='lat' dir='ltr'>lugere&#39;</span> <span class='ocrx_word' id='word_1_97' title='bbox 513 1209 562 1242; x_wconf 83' lang='lat' dir='ltr'>sure</span> <span class='ocrx_word' id='word_1_98' title='bbox 576 1209 618 1242; x_wconf 89' lang='lat' dir='ltr'>suo</span> <span class='ocrx_word' id='word_1_99' title='bbox 632 1193 740 1244; x_wconf 83' lang='lat' dir='ltr'>dedecore</span> <span class='ocrx_word' id='word_1_100' title='bbox 750 1209 797 1242; x_wconf 89' lang='lat' dir='ltr'>non</span> 
     </span>
     <span class='ocr_line' id='line_1_16' title="bbox 129 1258 797 1322; baseline 0 -16"><span class='ocrx_word' id='word_1_101' title='bbox 129 1273 201 1322; x_wconf 83' lang='lat' dir='ltr'>posse.</span> <span class='ocrx_word' id='word_1_102' title='bbox 229 1259 309 1322; x_wconf 90' lang='lat' dir='ltr'>Atque</span> <span class='ocrx_word' id='word_1_103' title='bbox 317 1260 366 1306; x_wconf 84' lang='lat' dir='ltr'>haec</span> <span class='ocrx_word' id='word_1_104' title='bbox 373 1260 467 1322; x_wconf 91' lang='lat' dir='ltr'>quidem</span> <span class='ocrx_word' id='word_1_105' title='bbox 478 1258 658 1307; x_wconf 63' lang='lat' dir='ltr'>lacedemoniis</span> <span class='ocrx_word' id='word_1_106' title='bbox 668 1260 737 1322; x_wconf 79' lang='lat' dir='ltr'>plaga</span> <span class='ocrx_word' id='word_1_107' title='bbox 747 1274 797 1306; x_wconf 87' lang='lat' dir='ltr'>me-</span> 
     </span>
     <span class='ocr_line' id='line_1_17' title="bbox 129 1323 798 1387; baseline 0.002 -17"><span class='ocrx_word' id='word_1_108' title='bbox 129 1323 224 1372; x_wconf 76' lang='lat' dir='ltr'>diociis:</span> <span class='ocrx_word' id='word_1_109' title='bbox 242 1324 282 1370; x_wconf 87' lang='lat' dir='ltr'>ille</span> <span class='ocrx_word' id='word_1_110' title='bbox 292 1323 406 1387; x_wconf 86' lang='lat' dir='ltr'>pestifera,</span> <span class='ocrx_word' id='word_1_111' title='bbox 418 1323 474 1387; x_wconf 68' lang='lat' dir='ltr'>qui,</span> <span class='ocrx_word' id='word_1_112' title='bbox 490 1339 543 1371; x_wconf 90' lang='lat' dir='ltr'>cum</span> <span class='ocrx_word' id='word_1_113' title='bbox 554 1323 744 1380; x_wconf 81' lang='lat' dir='ltr'>Cleombrotus,</span> <span class='ocrx_word' id='word_1_114' title='bbox 737 1324 798 1371; x_wconf 82' lang='lat' dir='ltr'>ruvi-</span> 
     </span>
     <span class='ocr_line' id='line_1_18' title="bbox 101 1387 797 1450; baseline 0 -16"><span class='ocrx_word' id='word_1_115' title='bbox 101 1413 106 1423; x_wconf 48' lang='grc' dir='ltr'>ι</span> <span class='ocrx_word' id='word_1_116' title='bbox 128 1387 192 1436; x_wconf 82' lang='lat' dir='ltr'>diem</span> <span class='ocrx_word' id='word_1_117' title='bbox 203 1389 294 1446; x_wconf 86' lang='lat' dir='ltr'>timens,</span> <span class='ocrx_word' id='word_1_118' title='bbox 311 1396 396 1436; x_wconf 80' lang='lat' dir='ltr'>temere</span> <span class='ocrx_word' id='word_1_119' title='bbox 410 1403 463 1435; x_wconf 86' lang='lat' dir='ltr'>cum</span> <span class='ocrx_word' id='word_1_120' title='bbox 474 1387 637 1450; x_wconf 80' lang='lat' dir='ltr'>Epaminonda</span> <span class='ocrx_word' id='word_1_121' title='bbox 651 1387 797 1445; x_wconf 86' lang='lat' dir='ltr'>conflixisset,</span> 
     </span>
     <span class='ocr_line' id='line_1_19' title="bbox 129 1450 798 1514; baseline -0.005 -13"><span class='ocrx_word' id='word_1_122' title='bbox 129 1452 356 1500; x_wconf 75' lang='lat' dir='ltr'>lacedemoniorum</span> <span class='ocrx_word' id='word_1_123' title='bbox 364 1467 418 1514; x_wconf 88' lang='lat' dir='ltr'>opes</span> <span class='ocrx_word' id='word_1_124' title='bbox 426 1459 565 1500; x_wconf 84' lang='lat' dir='ltr'>corruerunt.</span> <span class='ocrx_word' id='word_1_125' title='bbox 580 1450 716 1510; x_wconf 79' lang='lat' dir='ltr'>QuantoQ.</span> <span class='ocrx_word' id='word_1_126' title='bbox 724 1451 798 1498; x_wconf 80' lang='lat' dir='ltr'>Mux-</span> 
     </span>
     <span class='ocr_line' id='line_1_20' title="bbox 128 1515 516 1578; baseline 0.003 -16"><span class='ocrx_word' id='word_1_127' title='bbox 128 1516 190 1563; x_wconf 86' lang='lat' dir='ltr'>imus</span> <span class='ocrx_word' id='word_1_128' title='bbox 200 1517 297 1564; x_wconf 85' lang='lat' dir='ltr'>melius!</span> <span class='ocrx_word' id='word_1_129' title='bbox 315 1516 344 1562; x_wconf 90' lang='lat' dir='ltr'>de</span> <span class='ocrx_word' id='word_1_130' title='bbox 354 1531 400 1578; x_wconf 91' lang='lat' dir='ltr'>quo</span> <span class='ocrx_word' id='word_1_131' title='bbox 410 1515 516 1564; x_wconf 82' lang='lat' dir='ltr'>Ennius:</span> 
     </span>
    </p>
   </div>
   <div class='ocr_carea' id='block_1_3' title="bbox 125 1603 726 1728">
    <p class='ocr_par' dir='ltr' id='par_1_4' title="bbox 125 1603 726 1728">
     <span class='ocr_line' id='line_1_21' title="bbox 125 1603 726 1653; baseline 0.007 -4"><span class='ocrx_word' id='word_1_132' title='bbox 125 1613 127 1618; x_wconf 89' lang='lat'>&#39;</span> <span class='ocrx_word' id='word_1_133' title='bbox 161 1605 178 1632; x_wconf 76' lang='lat'>‘⁶</span> <span class='ocrx_word' id='word_1_134' title='bbox 190 1603 258 1650; x_wconf 83' lang='lat' dir='ltr'>Unus</span> <span class='ocrx_word' id='word_1_135' title='bbox 268 1603 338 1650; x_wconf 79' lang='lat' dir='ltr'>honio</span> <span class='ocrx_word' id='word_1_136' title='bbox 348 1603 413 1650; x_wconf 90' lang='lat' dir='ltr'>nobis</span> <span class='ocrx_word' id='word_1_137' title='bbox 424 1603 552 1652; x_wconf 77' lang='lat' dir='ltr'>cunctando</span> <span class='ocrx_word' id='word_1_138' title='bbox 562 1603 660 1652; x_wconf 87' lang='lat' dir='ltr'>restituit</span> <span class='ocrx_word' id='word_1_139' title='bbox 670 1619 726 1653; x_wconf 87' lang='lat' dir='ltr'>reru</span> 
     </span>
     <span class='ocr_line' id='line_1_22' title="bbox 158 1667 688 1728; baseline 0.008 -16"><span class='ocrx_word' id='word_1_140' title='bbox 158 1667 215 1712; x_wconf 91' lang='lat' dir='ltr'>Non</span> <span class='ocrx_word' id='word_1_141' title='bbox 225 1668 324 1728; x_wconf 85' lang='lat' dir='ltr'>ponebat</span> <span class='ocrx_word' id='word_1_142' title='bbox 335 1667 397 1714; x_wconf 90' lang='lat' dir='ltr'>enim</span> <span class='ocrx_word' id='word_1_143' title='bbox 407 1682 509 1715; x_wconf 88' lang='lat' dir='ltr'>rumores</span> <span class='ocrx_word' id='word_1_144' title='bbox 520 1677 573 1716; x_wconf 85' lang='lat' dir='ltr'>ante</span> <span class='ocrx_word' id='word_1_145' title='bbox 583 1669 688 1716; x_wconf 84' lang='lat' dir='ltr'>sulutem.</span> 
     </span>
    </p>
   </div>
   <div class='ocr_carea' id='block_1_4' title="bbox 159 1729 786 1796">
    <p class='ocr_par' dir='ltr' id='par_1_5' title="bbox 159 1729 786 1796">
     <span class='ocr_line' id='line_1_23' title="bbox 159 1729 786 1796; baseline 0.011 -22"><span class='ocrx_word' id='word_1_146' title='bbox 159 1729 231 1791; x_wconf 85' lang='lat' dir='ltr'>Ergo,</span> <span class='ocrx_word' id='word_1_147' title='bbox 246 1737 342 1794; x_wconf 72' lang='lat' dir='ltr'>postque</span> <span class='ocrx_word' id='word_1_148' title='bbox 352 1731 471 1794; x_wconf 79' lang='lat' dir='ltr'>magisque</span> <span class='ocrx_word' id='word_1_149' title='bbox 481 1731 524 1779; x_wconf 85' lang='lat' dir='ltr'>viri</span> <span class='ocrx_word' id='word_1_150' title='bbox 534 1746 596 1780; x_wconf 88' lang='lat' dir='ltr'>nunc</span> <span class='ocrx_word' id='word_1_151' title='bbox 606 1729 679 1796; x_wconf 81' lang='lat' dir='ltr'>gloria</span> <span class='ocrx_word' id='word_1_152' title='bbox 689 1733 786 1792; x_wconf 57' lang='lat' dir='ltr'>cleretfl’⁴</span> 
     </span>
    </p>
   </div>
   <div class='ocr_carea' id='block_1_5' title="bbox 121 1834 796 2684">
    <p class='ocr_par' dir='ltr' id='par_1_6' title="bbox 121 1834 796 2668">
     <span class='ocr_line' id='line_1_24' title="bbox 126 1834 796 1897; baseline 0.009 -17"><span class='ocrx_word' id='word_1_153' title='bbox 126 1834 198 1892; x_wconf 88' lang='lat' dir='ltr'>Quod</span> <span class='ocrx_word' id='word_1_154' title='bbox 212 1849 284 1896; x_wconf 87' lang='lat' dir='ltr'>genus</span> <span class='ocrx_word' id='word_1_155' title='bbox 298 1835 406 1897; x_wconf 87' lang='lat' dir='ltr'>peccandi</span> <span class='ocrx_word' id='word_1_156' title='bbox 421 1837 541 1885; x_wconf 82' lang='lat' dir='ltr'>vitandum</span> <span class='ocrx_word' id='word_1_157' title='bbox 557 1845 591 1888; x_wconf 85' lang='lat' dir='ltr'>est</span> <span class='ocrx_word' id='word_1_158' title='bbox 605 1837 674 1886; x_wconf 86' lang='lat' dir='ltr'>etiem</span> <span class='ocrx_word' id='word_1_159' title='bbox 688 1839 713 1885; x_wconf 89' lang='lat' dir='ltr'>in</span> <span class='ocrx_word' id='word_1_160' title='bbox 726 1841 796 1886; x_wconf 89' lang='lat' dir='ltr'>rebus</span> 
     </span>
     <span class='ocr_line' id='line_1_25' title="bbox 125 1897 796 1966; baseline 0.011 -22"><span class='ocrx_word' id='word_1_161' title='bbox 125 1897 226 1946; x_wconf 79' lang='lat' dir='ltr'>urbanis.</span> <span class='ocrx_word' id='word_1_162' title='bbox 250 1899 310 1946; x_wconf 87' lang='lat' dir='ltr'>Sunt</span> <span class='ocrx_word' id='word_1_163' title='bbox 324 1899 395 1958; x_wconf 87' lang='lat' dir='ltr'>enim,</span> <span class='ocrx_word' id='word_1_164' title='bbox 412 1902 462 1964; x_wconf 92' lang='lat' dir='ltr'>qui,</span> <span class='ocrx_word' id='word_1_165' title='bbox 477 1903 540 1965; x_wconf 90' lang='lat' dir='ltr'>quod</span> <span class='ocrx_word' id='word_1_166' title='bbox 554 1903 663 1961; x_wconf 88' lang='lat' dir='ltr'>sentiunt,</span> <span class='ocrx_word' id='word_1_167' title='bbox 679 1903 721 1950; x_wconf 85' lang='lat' dir='ltr'>etsi</span> <span class='ocrx_word' id='word_1_168' title='bbox 735 1903 796 1966; x_wconf 78' lang='lat' dir='ltr'>opti·</span> 
     </span>
     <span class='ocr_line' id='line_1_26' title="bbox 124 1934 762 2022; baseline 0.011 -14"><span class='ocrx_word' id='word_1_169' title='bbox 124 1977 191 2010; x_wconf 88' lang='lat' dir='ltr'>mum</span> <span class='ocrx_word' id='word_1_170' title='bbox 202 1962 240 2022; x_wconf 89' lang='lat' dir='ltr'>sit,</span> <span class='ocrx_word' id='word_1_171' title='bbox 251 1971 327 2010; x_wconf 72' lang='lat' dir='ltr'>umen</span> <span class='ocrx_word' id='word_1_172' title='bbox 338 1934 430 2012; x_wconf 80' lang='lat' dir='ltr'>invidlae</span> <span class='ocrx_word' id='word_1_173' title='bbox 440 1975 503 2014; x_wconf 87' lang='lat' dir='ltr'>metu</span> <span class='ocrx_word' id='word_1_174' title='bbox 515 1981 561 2013; x_wconf 92' lang='lat' dir='ltr'>non</span> <span class='ocrx_word' id='word_1_175' title='bbox 568 1967 671 2014; x_wconf 84' lang='lat' dir='ltr'>eudeunt</span> <span class='ocrx_word' id='word_1_176' title='bbox 681 1967 762 2014; x_wconf 72' lang='lat' dir='ltr'>dicere.</span> 
     </span>
     <span class='ocr_line' id='line_1_27' title="bbox 157 2027 793 2093; baseline 0.009 -20"><span class='ocrx_word' id='word_1_177' title='bbox 157 2027 239 2074; x_wconf 90' lang='lat' dir='ltr'>XXV.</span> <span class='ocrx_word' id='word_1_178' title='bbox 257 2027 368 2088; x_wconf 89' lang='lat' dir='ltr'>Omnino,</span> <span class='ocrx_word' id='word_1_179' title='bbox 385 2029 427 2092; x_wconf 93' lang='lat' dir='ltr'>qui</span> <span class='ocrx_word' id='word_1_180' title='bbox 443 2031 573 2092; x_wconf 74' lang='lat' dir='ltr'>reipublice</span> <span class='ocrx_word' id='word_1_181' title='bbox 591 2031 711 2093; x_wconf 78' lang='lat' dir='ltr'>prufutun&#39;</span> <span class='ocrx_word' id='word_1_182' title='bbox 729 2040 793 2092; x_wconf 86' lang='lat' dir='ltr'>sunt,</span> 
     </span>
     <span class='ocr_line' id='line_1_28' title="bbox 123 2091 793 2156; baseline 0.009 -18"><span class='ocrx_word' id='word_1_183' title='bbox 123 2091 171 2138; x_wconf 90' lang='lat' dir='ltr'>duo</span> <span class='ocrx_word' id='word_1_184' title='bbox 180 2091 282 2139; x_wconf 82' lang='lat' dir='ltr'>Plutonis</span> <span class='ocrx_word' id='word_1_185' title='bbox 290 2101 402 2156; x_wconf 70' lang='lat' dir='ltr'>precepta</span> <span class='ocrx_word' id='word_1_186' title='bbox 409 2101 515 2151; x_wconf 75' lang='lat' dir='ltr'>teneant3</span> <span class='ocrx_word' id='word_1_187' title='bbox 532 2109 616 2152; x_wconf 88' lang='lat' dir='ltr'>unum,</span> <span class='ocrx_word' id='word_1_188' title='bbox 633 2103 660 2141; x_wconf 90' lang='lat' dir='ltr'>ut</span> <span class='ocrx_word' id='word_1_189' title='bbox 669 2095 793 2144; x_wconf 75' lang='lat' dir='ltr'>utilitatem</span> 
     </span>
     <span class='ocr_line' id='line_1_29' title="bbox 124 2156 794 2221; baseline 0.004 -17"><span class='ocrx_word' id='word_1_190' title='bbox 124 2156 209 2204; x_wconf 86' lang='lat' dir='ltr'>civium</span> <span class='ocrx_word' id='word_1_191' title='bbox 224 2156 256 2204; x_wconf 88' lang='lat' dir='ltr'>sic</span> <span class='ocrx_word' id='word_1_192' title='bbox 268 2164 384 2217; x_wconf 82' lang='lat' dir='ltr'>tueantur,</span> <span class='ocrx_word' id='word_1_193' title='bbox 401 2166 435 2218; x_wconf 88' lang='lat' dir='ltr'>ut,</span> <span class='ocrx_word' id='word_1_194' title='bbox 449 2172 601 2221; x_wconf 71' lang='lat' dir='ltr'>quecumque</span> <span class='ocrx_word' id='word_1_195' title='bbox 612 2167 693 2220; x_wconf 81' lang='lat' dir='ltr'>egunt,</span> <span class='ocrx_word' id='word_1_196' title='bbox 701 2160 731 2206; x_wconf 81' lang='lat' dir='ltr'>ed</span> <span class='ocrx_word' id='word_1_197' title='bbox 742 2175 794 2207; x_wconf 86' lang='lat' dir='ltr'>earn</span> 
     </span>
     <span class='ocr_line' id='line_1_30' title="bbox 125 2220 794 2283; baseline 0.007 -17"><span class='ocrx_word' id='word_1_198' title='bbox 125 2220 231 2279; x_wconf 81' lang='lat' dir='ltr'>referem,</span> <span class='ocrx_word' id='word_1_199' title='bbox 247 2221 313 2268; x_wconf 88' lang='lat' dir='ltr'>obliti</span> <span class='ocrx_word' id='word_1_200' title='bbox 327 2221 500 2270; x_wconf 88' lang='lat' dir='ltr'>commodorum</span> <span class='ocrx_word' id='word_1_201' title='bbox 515 2237 624 2279; x_wconf 84' lang='lat' dir='ltr'>suorum·</span> <span class='ocrx_word' id='word_1_202' title='bbox 642 2223 749 2283; x_wconf 76' lang='lat' dir='ltr'>alterium,</span> <span class='ocrx_word' id='word_1_203' title='bbox 766 2233 794 2271; x_wconf 92' lang='lat' dir='ltr'>ut</span> 
     </span>
     <span class='ocr_line' id='line_1_31' title="bbox 124 2257 794 2360; baseline 0.011 -31"><span class='ocrx_word' id='word_1_204' title='bbox 124 2289 199 2330; x_wconf 86' lang='lat' dir='ltr'>totum</span> <span class='ocrx_word' id='word_1_205' title='bbox 210 2299 291 2346; x_wconf 89' lang='lat' dir='ltr'>corpus</span> <span class='ocrx_word' id='word_1_206' title='bbox 301 2285 432 2360; x_wconf 83' lang='lat' dir='ltr'>reipublicae</span> <span class='ocrx_word' id='word_1_207' title='bbox 439 2295 526 2346; x_wconf 82' lang='lat' dir='ltr'>curent,</span> <span class='ocrx_word' id='word_1_208' title='bbox 538 2301 576 2344; x_wconf 93' lang='lat' dir='ltr'>ne,</span> <span class='ocrx_word' id='word_1_209' title='bbox 587 2257 645 2333; x_wconf 71' lang='lat' dir='ltr'>dum</span> <span class='ocrx_word' id='word_1_210' title='bbox 653 2295 740 2349; x_wconf 85' lang='lat' dir='ltr'>partem</span> <span class='ocrx_word' id='word_1_211' title='bbox 750 2288 794 2336; x_wconf 79' lang='lat' dir='ltr'>ui-</span> 
     </span>
     <span class='ocr_line' id='line_1_32' title="bbox 124 2349 793 2412; baseline 0.012 -20"><span class='ocrx_word' id='word_1_212' title='bbox 124 2361 196 2409; x_wconf 83' lang='lat' dir='ltr'>quem</span> <span class='ocrx_word' id='word_1_213' title='bbox 206 2355 307 2408; x_wconf 80' lang='lat' dir='ltr'>urentur,</span> <span class='ocrx_word' id='word_1_214' title='bbox 318 2349 417 2412; x_wconf 85' lang='lat' dir='ltr'>reliques</span> <span class='ocrx_word' id='word_1_215' title='bbox 426 2349 539 2398; x_wconf 82' lang='lat' dir='ltr'>deserant</span> <span class='ocrx_word' id='word_1_216' title='bbox 555 2350 590 2397; x_wconf 89' lang='lat' dir='ltr'>Ut</span> <span class='ocrx_word' id='word_1_217' title='bbox 598 2349 660 2398; x_wconf 89' lang='lat' dir='ltr'>enim</span> <span class='ocrx_word' id='word_1_218' title='bbox 668 2352 778 2411; x_wconf 76' lang='lat' dir='ltr'>tutele,</span> <span class='ocrx_word' id='word_1_219' title='bbox 760 2367 793 2400; x_wconf 84' lang='lat' dir='ltr'>uc</span> 
     </span>
     <span class='ocr_line' id='line_1_33' title="bbox 123 2411 793 2485; baseline 0.014 -30"><span class='ocrx_word' id='word_1_220' title='bbox 123 2411 251 2485; x_wconf 79' lang='lat' dir='ltr'>procuratio</span> <span class='ocrx_word' id='word_1_221' title='bbox 261 2413 399 2475; x_wconf 76' lang='lat' dir='ltr'>reipublice,</span> <span class='ocrx_word' id='word_1_222' title='bbox 413 2413 443 2460; x_wconf 88' lang='lat' dir='ltr'>ed</span> <span class='ocrx_word' id='word_1_223' title='bbox 453 2413 575 2461; x_wconf 76' lang='lat' dir='ltr'>utilitatem</span> <span class='ocrx_word' id='word_1_224' title='bbox 586 2428 666 2462; x_wconf 84' lang='lat' dir='ltr'>eorum</span> <span class='ocrx_word' id='word_1_225' title='bbox 677 2415 718 2478; x_wconf 85' lang='lat' dir='ltr'>qui</span> <span class='ocrx_word' id='word_1_226' title='bbox 728 2431 793 2464; x_wconf 87' lang='lat' dir='ltr'>com-</span> 
     </span>
     <span class='ocr_line' id='line_1_34' title="bbox 121 2473 793 2551; baseline 0.011 -31"><span class='ocrx_word' id='word_1_227' title='bbox 121 2473 186 2521; x_wconf 83' lang='lat' dir='ltr'>rtrissi</span> <span class='ocrx_word' id='word_1_228' title='bbox 196 2481 257 2539; x_wconf 81' lang='lat' dir='ltr'>sunt,</span> <span class='ocrx_word' id='word_1_229' title='bbox 273 2491 319 2522; x_wconf 90' lang='lat' dir='ltr'>non</span> <span class='ocrx_word' id='word_1_230' title='bbox 329 2476 360 2523; x_wconf 87' lang='lat' dir='ltr'>ad</span> <span class='ocrx_word' id='word_1_231' title='bbox 370 2491 450 2524; x_wconf 86' lang='lat' dir='ltr'>eorum</span> <span class='ocrx_word' id='word_1_232' title='bbox 453 2477 548 2551; x_wconf 82' lang='lat' dir='ltr'>quibus</span> <span class='ocrx_word' id='word_1_233' title='bbox 562 2479 683 2526; x_wconf 78' lang='lat' dir='ltr'>commisse</span> <span class='ocrx_word' id='word_1_234' title='bbox 693 2488 735 2538; x_wconf 77' lang='lat' dir='ltr'>cet,</span> <span class='ocrx_word' id='word_1_235' title='bbox 752 2495 793 2542; x_wconf 83' lang='lat' dir='ltr'>ge·</span> 
     </span>
     <span class='ocr_line' id='line_1_35' title="bbox 122 2537 792 2615; baseline 0.01 -32"><span class='ocrx_word' id='word_1_236' title='bbox 122 2537 193 2584; x_wconf 82' lang='lat' dir='ltr'>rende</span> <span class='ocrx_word' id='word_1_237' title='bbox 200 2545 241 2584; x_wconf 83' lang='lat' dir='ltr'>cst.</span> <span class='ocrx_word' id='word_1_238' title='bbox 258 2537 307 2596; x_wconf 86' lang='lat' dir='ltr'>Qui</span> <span class='ocrx_word' id='word_1_239' title='bbox 315 2548 392 2587; x_wconf 79' lang='lat' dir='ltr'>eutem</span> <span class='ocrx_word' id='word_1_240' title='bbox 387 2540 477 2615; x_wconf 74' lang='lat' dir='ltr'>perti</span> <span class='ocrx_word' id='word_1_241' title='bbox 469 2541 554 2588; x_wconf 87' lang='lat' dir='ltr'>civium</span> <span class='ocrx_word' id='word_1_242' title='bbox 561 2542 692 2601; x_wconf 88' lang='lat' dir='ltr'>consulunt,</span> <span class='ocrx_word' id='word_1_243' title='bbox 701 2551 792 2606; x_wconf 80' lang='lat' dir='ltr'>partem</span> 
     </span>
     <span class='ocr_line' id='line_1_36' title="bbox 122 2601 791 2684; baseline 0.015 -38"><span class='ocrx_word' id='word_1_244' title='bbox 122 2601 250 2684; x_wconf 81' lang='lat' dir='ltr'>negligunt,</span> <span class='ocrx_word' id='word_1_245' title='bbox 267 2618 315 2652; x_wconf 86' lang='lat' dir='ltr'>rem</span> <span class='ocrx_word' id='word_1_246' title='bbox 330 2603 542 2668; x_wconf 73' lang='lat' dir='ltr'>peniciosiasimem</span> <span class='ocrx_word' id='word_1_247' title='bbox 556 2605 580 2654; x_wconf 92' lang='lat' dir='ltr'>in</span> <span class='ocrx_word' id='word_1_248' title='bbox 596 2607 711 2656; x_wconf 73' lang='lat' dir='ltr'>civitatem</span> <span class='ocrx_word' id='word_1_249' title='bbox 721 2607 791 2656; x_wconf 85' lang='lat' dir='ltr'>intlu-</span> 
     </span>
    </p>
   </div>
   <div class='ocr_carea' id='block_1_6' title="bbox 0 0 936 2964">
    <p class='ocr_par' dir='ltr' id='par_1_7' title="bbox 0 0 936 2964">
     <span class='ocr_line' id='line_1_37' title="bbox 0 0 936 2964; baseline 0 2"><span class='ocrx_word' id='word_1_250' title='bbox 0 0 936 2964; x_wconf 95' lang='lat' dir='ltr'> </span> 
     </span>
    </p>
   </div>
  </div>
 </body>
</html>
