1864 2958
208 149 256 213 nn
269 151 430 225 oremus,
447 162 508 214 nu.
520 152 570 214 111'.
587 165 650 216 on.
662 165 701 216 ao
740 161 789 217 oss

120 289 264 352 donabimur,
276 309 311 352 ea,
323 309 376 358 qua
385 291 492 342 ridenmr
501 307 549 343 esse
559 295 633 355 utilis,
644 309 719 362 neque
726 307 789 359 sont,

122 357 452 434 quamsintrirtntistinimioa.
477 357 789 437 dodepmdmtii'quidm,

122 437 196 488 quam
206 422 257 469 vult
267 432 353 469 rmrtarr
363 422 466 477 mal1t1a3
482 430 584 486 itemque
595 424 623 470 de
631 425 728 485 justini,
738 443 791 537 Zure

122 501 213 550 semper
224 495 257 534 est
267 485 338 543 utilis,
350 485 492 548 disputatum
503 493 543 534 est.
561 487 667 550 Reliqua
677 499 731 538 sunt
754 504 792 540 um

121 559 199 616 partes
209 551 341 608 honestatis,
353 563 452 613 quarum
463 549 534 596 altera
543 549 568 596 in
579 551 651 599 animi
661 555 792 603 excellentis

121 611 685 728 nntizttsmtintnso
698 633 796 746 ‘lii'

124 744 215 792 rantiae.

157 805 255 854 XXVI}
266 805 331 854 Utile
339 805 458 854 videbatur
468 806 556 870 Ulyssi,
568 809 605 861 (ut
615 807 709 871 quidem
717 814 792 874 po'e'tae

122 871 206 934 tragici
216 869 364 934 prodiderunt
372 885 379 926 ς
387 885 450 929 nam,
462 871 525 934 apud
532 867 671 932 Homerum,
679 874 794 936 optimum
804 866 809 880 '

124 945 251 992 auctorem,
263 933 315 982 talis
322 935 350 982 de
361 933 444 998 Ulysse
452 935 517 982 nulla
527 936 625 998 suspicio
633 946 676 996 est)
688 939 728 985 sed
738 938 794 986 insi-

122 999 217 1048 mulant
228 1013 282 1047 eum
293 997 415 1062 tragediae,
427 999 572 1048 simulatione
581 1001 676 1048 insanire
686 1001 794 1050 militiam

123 1063 283 1127 subterfugere
293 1063 397 1112 voluisse
415 1063 470 1110 Non
481 1063 602 1112 honestum
614 1065 750 1114 eonsilium:
769 1073 793 1115 at

123 1127 183 1177 utile
195 1131 231 1181 (ut
247 1127 330 1192 uliquis
340 1127 434 1176 fortasse
449 1127 542 1186 dixerit)
553 1145 656 1191 regnare,
668 1138 690 1177 et
706 1129 792 1182 Ithaca

124 1193 202 1241 virere
213 1191 284 1239 otiose
295 1205 348 1238 eum
359 1190 499 1254 parentibus,
515 1207 568 1239 oum
580 1207 659 1251 uxore,
671 1209 725 1241 eum
736 1195 791 1243 filio.

126 1255 211 1305 Ullum
222 1263 248 1303 tu
259 1254 327 1302 decus
341 1255 366 1301 in
377 1254 516 1317 quotidianis
526 1255 631 1318 periorlis
642 1265 665 1304 et
678 1257 794 1307 laboribus

125 1335 180 1370 eum
199 1321 243 1367 hac
262 1317 426 1382 tranquillitate
445 1317 608 1368 conferendum
629 1321 717 1383 putas?
742 1321 795 1385 Ego

126 1401 180 1434 vero
192 1385 259 1432 istam
268 1382 458 1430 contemnendam
467 1391 489 1430 et
497 1383 662 1443 abjiciendam
675 1385 793 1448 quoniam,

143 1465 180 1496 uae
191 1449 285 1496 honesta
296 1461 341 1494 non
353 1446 390 1505 sit,
402 1461 431 1494 ne
441 1447 521 1494 utilem
533 1445 627 1510 quidem
635 1461 682 1494 esse
690 1449 794 1496 arbitror.

170 1513 193 1560 ‘d
211 1513 272 1560 enim
290 1511 424 1558 auditurum
438 1519 506 1573 putas
520 1510 589 1558 firisse
604 1511 721 1576 Ulyssem,
737 1512 756 1560 si
770 1513 795 1560 in

125 1579 168 1626 nlt
187 1575 529 1687 simulsnongdpersererssset?
546 1575 595 1638 qni,
613 1576 796 1626 cummaximas

126 1655 162 1690 ree
173 1640 266 1704 gesserit
275 1640 300 1686 in
358 1655 380 1698 o,
392 1647 469 1687 tamen
480 1639 529 1687 heo
540 1639 618 1688 audiat
628 1641 657 1688 ab
668 1642 756 1702 Aiace:

161 1732 179 1758 “
188 1730 259 1792 Cuju'
269 1728 318 1792 ipse
329 1727 433 1792 princeps
442 1727 500 1788 juris
508 1728 602 1788 jurandi
613 1728 667 1788 t'uit,
696 1787 699 1794 ι

160 1793 231 1854 Quod
242 1808 321 1841 omnes
332 1792 400 1849 scitis,
413 1789 474 1839 solus
484 1791 585 1854 neglexit
596 1791 673 1841 fidem.

160 1859 247 1906 Furere
257 1855 413 1911 assimulavit3
431 1871 460 1902 ne
471 1856 547 1914 sobet,
559 1857 648 1904 institit.

161 1921 232 1982 Quod
243 1921 267 1968 ni
279 1919 409 1986 Palamedis
419 1920 537 1982 perspicax
544 1919 670 2031 mna

160 1987 228 2035 Istiu'
239 1993 355 2048 percepset
365 1983 503 2030 malitiosam
514 1999 543 2030 au
587 1984 592 1995 '
633 2018 641 2042 ,

161 2050 219 2098 Fide
230 2057 342 2097 moratum
352 2049 390 2108 jus
401 2055 510 2110 perpetuo
520 2046 633 2094 fenerem

129 2155 170 2205 Illi
178 2169 239 2213 vero,
251 2165 297 2201 non
305 2151 375 2200 modo
385 2165 439 2199 cum
449 2150 561 2207 hostibus,
573 2161 653 2197 retum
664 2150 733 2198 etiam
743 2165 798 2200 eum

129 2221 245 2277 fluctibus,
258 2218 293 2271 (id
304 2215 366 2281 quod
376 2216 439 2273 iecit)
451 2215 559 2262 dimioare
568 2214 651 2262 melius
661 2213 715 2274 init,
727 2231 798 2278 quam

129 2285 231 2332 deserem
245 2281 423 2339 consentientem
434 2278 547 2326 Granum
559 2277 686 2336 adbellum
698 2281 799 2329 barbaris

128 2347 283 2396 inferendum.
301 2345 346 2393 Sed
357 2344 500 2391 dimittamus
510 2350 533 2389 et
543 2341 641 2402 lebedos,
656 2349 679 2390 et
689 2353 797 2394 externa:

130 2411 160 2460 ad
175 2427 224 2460 rem
241 2411 334 2469 factam,
351 2419 483 2482 nostraque,
501 2406 626 2454 veniamus
652 2405 689 2454 M.
700 2407 800 2457 Attilius

130 2477 246 2540 Regulus,
262 2489 324 2532 eum,
340 2473 419 2521 oonsul
433 2481 527 2530 iterum,
542 2471 567 2516 in
577 2469 660 2518 Africi.
670 2487 699 2520 ex
713 2472 801 2520 insidiis

130 2549 212 2605 captus
227 2547 292 2596 esset,
308 2538 366 2586 duee
381 2536 517 2600 Xandrippo
533 2535 715 2593 harmonio,
726 2535 800 2598 impe.

130 2615 206 2652 ratore
222 2611 300 2651 autem
314 2609 379 2666 patre
393 2599 540 2657 Hannibalis,
557 2597 697 2657 Hamileate,
711 2601 801 2660 juratus

128 2669 213 2717 tunsus
226 2677 261 2716 est
270 2663 300 2715 ad
312 2675 426 2727 matum,
442 2673 477 2722 at,
489 2663 626 2712 nisi'redditi
639 2672 714 2714 essem
725 2663 801 2713 Ptenis
