1864 2958
160 161 210 212 ³55
287 157 564 223 besuntionum,
582 159 698 212 Cassio.

159 291 239 400 Atque
254 291 303 340 bato
317 285 411 355 quidem
427 291 503 340 studia
518 291 641 348 doctrines
662 282 719 356 ques¹
732 281 842 356 quidem
913 301 914 318 ¹

158 370 202 416 pru
219 356 309 403 entibus
328 368 351 404 et
368 359 427 404 bene
445 356 553 404 institutis
575 357 659 418 pariter
681 369 737 406 cum
768 365 842 406 oetate

159 427 277 484 crescunt:
298 430 325 468 nt
341 421 462 468 honestum
477 420 536 481 illud
554 420 643 468 Solonis
660 420 698 478 sit,
716 421 788 484 quod
804 421 840 468 sit

159 482 269 530 versiculo
280 485 389 546 quodam,
402 489 502 538 (utente
513 483 571 542 diri)
583 499 698 532 senescere
708 500 741 543 se,
755 487 839 532 mults

159 544 232 594 indies
242 547 410 597 addiscentem:
428 549 475 612 qui
485 549 602 611 voluptate
612 547 684 595 animi
692 549 763 596 nulls
774 557 840 597 certe

160 619 234 674 potest
245 628 292 660 esse
302 615 383 675 major.

193 675 249 725 XV·
267 677 343 725 Venio
353 685 415 725 nunc
425 676 455 724 sd
465 676 593 739 voluptates
603 677 767 738 agricolarum,
780 677 837 740 qui·

159 737 204 786 bns
216 755 258 802 ego
268 741 427 789 incredibiliter
438 741 549 788 delecmre
567 756 620 803 quae
635 754 677 788 nec
692 741 742 788 ulli
756 742 836 804 impe-

160 803 255 851 diuntur
263 814 384 865 senectute,
393 805 482 853 etmihi
490 803 520 851 ad
528 805 635 870 sepientis
642 804 715 852 vitam
723 806 835 868 proxime

160 867 266 915 videntur
276 869 386 916 accedere
404 869 500 916 Habent
507 869 568 915 enirn
576 869 688 916 rationem
696 883 751 916 cnm
761 871 833 927 terri,

161 947 214 993 quae
228 946 347 994 nunquam
362 941 449 979 recusat
462 932 595 995 imperium,
607 947 649 979 nec
663 948 771 995 unquam
783 933 835 980 sine

160 995 231 1042 usuri
245 996 327 1054 reddit,
342 996 405 1059 quod
419 997 520 1060 accepim
540 995 580 1044 sed
594 997 649 1043 alias
665 997 765 1056 minore,
782 998 833 1072 ple-

160 1073 259 1121 rumque
269 1061 363 1120 maiore,
375 1075 428 1107 cum
441 1059 533 1108 foenore.
558 1059 710 1123 Quamquam
724 1073 765 1108 me
780 1077 834 1124 qur-
913 1079 914 1090 ι

161 1121 215 1168 dem
226 1136 271 1170 ncn
282 1123 457 1181 fructusmodo,
469 1124 588 1171 sedetiam
600 1125 671 1187 ipsius
682 1133 748 1172 terne
759 1125 795 1172 vis
805 1141 833 1174 ae

161 1194 252 1245 nature,
259 1186 366 1234 delectats
378 1204 439 1251 quae,
447 1203 499 1235 cum
507 1188 595 1250 gremio
603 1188 692 1236 mollito
699 1205 727 1236 ac
735 1191 832 1258 subpcto

162 1263 239 1297 semen
250 1266 355 1314 sparsum
366 1253 468 1314 excepit;
486 1252 588 1314 primunr
602 1250 627 1298 id
639 1241 785 1306 occaecaturir*
793 1269 831 1301 cc·

162 1311 227 1362 hibet
245 1317 284 1368 (ex
302 1331 349 1378 quo
366 1317 458 1376 occatio,
476 1332 529 1379 quae
544 1315 588 1363 hoc
612 1316 687 1376 efficit,
707 1317 829 1366 nominate

162 1386 222 1437 est)=
243 1379 332 1438 deinde,
349 1380 487 1443 tepefactum
503 1395 587 1442 vapore
602 1388 625 1426 et
636 1395 766 1450 compressu
779 1397 829 1441 suo,

162 1441 286 1500 diffundit,
303 1452 326 1491 et
336 1443 396 1492 elicit
411 1445 578 1510 herbescentem
590 1459 619 1490 ex
629 1459 656 1491 eo
673 1445 829 1503 viriditatems

162 1522 223 1572 quae,
235 1509 290 1554 nixs
303 1507 366 1555 fibris
381 1501 494 1571 stirpium',
509 1507 593 1555 sensim
608 1507 723 1568 adolescit,
739 1510 828 1556 culmo·

162 1585 209 1632 que
223 1579 295 1618 erecta
309 1565 445 1634 ge'nioulsto,
460 1572 547 1634 vaginis
560 1572 609 1632 jem
624 1572 689 1635 qussi
703 1575 830 1634 pubescens

161 1633 301 1689 includitur;
319 1635 427 1697 equibus
441 1651 494 1682 cum
508 1636 631 1696 emerserit,
646 1635 724 1702 fundit
737 1637 828 1700 frugem

162 1697 227 1758 spici,
247 1697 326 1744 ordine
343 1707 461 1758 succum,
472 1709 502 1746 et
519 1708 597 1747 cenna
614 1699 693 1748 evium
710 1701 829 1749 minomm

162 1773 252 1807 morsus
265 1759 392 1824 [munitur]
405 1763 465 1823 valle
475 1763 685 1824 mistarum,de
696 1779 738 1826 ego
746 1765 826 1814 vitium

162 1832 232 1880 setus,
244 1833 315 1883 onus,
326 1825 474 1885 incremento,
485 1830 682 1875 commemorem?
698 1829 781 1876 Satan
788 1829 826 1877 de·

161 1886 280 1934 lectatione
290 1903 337 1936 non
347 1904 450 1951 possum,
460 1898 488 1938 ut
500 1905 558 1938 mete
573 1892 693 1940 senectutis
703 1892 827 1956 requietem

162 1951 401 2016 oblectamentumque
409 1955 512 2002 noscatis.
529 1955 620 2004 Omitto
628 1956 690 2002 eninr
698 1956 746 2004 vim
753 1957 825 2020 ipssm
913 1981 914 1987 ι

162 2015 267 2064 omnium
282 2031 334 2079 que
348 2027 485 2080 generantur
500 2034 512 2067 e
526 2019 600 2066 terris
617 2035 670 2082 que
683 2033 713 2066 ex
727 2020 765 2068 fici
776 2029 826 2068 ten·

162 2080 212 2127 tulo
222 2095 302 2143 grano,
314 2089 354 2128 aut
364 2097 393 2129 ex
408 2082 472 2130 acino
486 2083 587 2142 vinaceo,
597 2092 639 2130 aut
653 2099 682 2131 ex
696 2092 824 2133 ceterarum

162 2143 257 2207 inrgum
273 2160 300 2192 ac
314 2145 419 2208 stirpium
433 2147 591 2194 minutissimis
606 2147 738 2207 seminibus,
754 2157 824 2197 tantoe

162 2216 254 2256 truncos
270 2224 390 2272 remosque
406 2219 523 2272 procreata
546 2211 655 2270 malleoli,
671 2211 763 2274 plante,
779 2228 822 2260 sar-

162 2281 250 2332 menta,
267 2273 406 2332 benedices,
423 2274 566 2336 propagines,
582 2289 659 2322 nonne
676 2291 703 2322 ea
719 2275 823 2335 efficiunt*

163 2343 190 2381 nt
200 2336 304 2397 quemvis
318 2351 372 2384 cum
387 2337 536 2384 mmuetione
550 2337 679 2386 delectent?
703 2339 762 2386 Vitis
774 2341 821 2403 qui-

162 2397 225 2458 dem,
242 2415 295 2462 quse
310 2401 392 2448 naturis
408 2401 493 2448 caduce
508 2409 549 2461 est,
565 2410 596 2460 et,
613 2402 657 2448 nisi
673 2403 733 2449 fulto
745 2403 780 2462 sit,
794 2404 820 2452 ed
910 2415 914 2426 ¹

163 2463 345 2521 terramfertu13
363 2464 451 2522 cedern,
467 2474 493 2512 ut
507 2479 531 2512 se
545 2465 625 2527 eriget,
641 2466 756 2514 deviculis
770 2467 819 2524 suis,

163 2525 230 2586 quasi
245 2527 361 2586 menibus,
377 2527 434 2590 quid
451 2527 492 2574 uid
510 2536 544 2575 est
561 2537 635 2587 nacta,
653 2530 818 2604 complectitur

162 2603 242 2650 quem,
258 2600 384 2652 serpentem
398 2605 424 2637 m
450 2591 521 2654 n'plici
533 2592 599 2654 lapsu
614 2600 637 2639 et
651 2602 753 2653 erretrco,
767 2593 819 2642 ierrc

161 2659 284 2714 amputans
296 2657 384 2702 cois'rcet
397 2669 433 2702 ers
448 2655 607 2717 egnoolenttm
618 2669 648 2704 ne
661 2655 765 2706 silvescat
776 2671 819 2706 ar·
