1862 2964
233 173 280 224 ne
297 173 454 236 oremus,
472 175 533 224 unt.
545 174 566 224 1.
584 173 647 224 cn.
659 161 700 224 '22'ss
755 161 802 223 eet

133 303 180 350 nio.
197 303 271 368 Multi
282 305 344 352 enim
357 304 419 352 belle
428 321 490 368 sepe
500 304 639 368 quesierunt
648 314 742 368 propter
752 304 803 366 glo-

106 389 109 394 ·
134 367 174 414 rite
184 368 347 430 cupiditatem
359 377 429 432 etque
438 369 463 415 id
473 369 498 414 in
507 369 597 432 magnis
605 369 687 424 animis
695 368 802 431 ingenii&

135 445 180 494 que
197 431 334 495 plerumque
351 432 469 495 contingit,
487 447 559 496 eoque
573 433 655 494 magis,
670 433 690 479 si
705 431 802 479 suntad

134 509 184 542 rem
197 495 321 543 militarem
332 497 388 559 apti,
400 505 423 544 et
432 496 509 558 cupidi
519 497 632 544 bellorum
643 496 801 558 gerendorum,

135 558 197 606 Vere
207 568 285 606 eutem
296 559 315 607 si
325 560 432 607 volumus
440 560 550 621 judieere,
567 560 648 606 multae
661 575 696 606 res
711 559 804 606 exstite-

133 631 188 670 runt
209 625 304 670 urbenae
324 625 421 684 majores
444 623 592 686 clarioresque
613 637 684 686 quam
704 623 798 670 bellieae.

133 686 248 746 Quemvis
256 687 318 734 enim
326 687 490 735 Themistocles
496 689 548 748 jure
555 687 670 745 laudetur,
682 694 704 734 et
715 687 743 732 sit
752 688 801 746 ejus

133 763 226 809 nomen,
243 767 314 813 quem
325 752 422 808 Solonis,
436 751 555 811 illustrius,
566 751 692 813 citcturque
703 750 800 798 Salamis

130 813 263 862 ‘durissime
277 815 339 862 testis
353 815 460 874 victorie,
476 830 529 878 quae
543 823 693 878 anteponatur
708 813 800 861 oonsilio

132 878 231 937 Solonis,
243 878 272 936 ei,
300 895 330 926 uo
339 880 441 942 primum
452 878 740 942 eonstihritAreopegites3
753 893 800 938 non

131 941 210 990 minus
223 959 251 1006 pr
333 959 358 990 m
373 944 424 1003 hoc,
436 959 507 1006 quam
517 943 585 1002 illud,
594 943 746 1003 judicandum
757 950 798 989 est

132 1005 197 1052 sslud
211 1007 274 1054 enim
284 1008 353 1055 semel
363 1007 464 1070 profuit3
481 1007 525 1062 hoo
535 1023 623 1070 semper
633 1006 733 1070 proderit
743 1007 798 1054 civi-

130 1069 187 1117 tati:
205 1070 249 1118 hoo
259 1071 351 1119 oonsilio
361 1073 422 1134 leges
431 1071 618 1131 Atheniensium,
629 1071 673 1119 hoc
682 1073 797 1131 majorum

130 1133 242 1194 instituta,
259 1143 383 1190 seruantur.
404 1136 437 1182 Et
451 1135 616 1192 Tbemistocles
630 1135 723 1198 quidem
738 1136 796 1182 nih'il

128 1197 221 1255 dixerit,
237 1199 261 1244 in
279 1213 326 1260 quo
340 1199 389 1262 ipse
406 1201 556 1262 Areopagum
574 1199 700 1259 adjuverim
717 1200 796 1247 atille

128 1275 189 1321 vere,
202 1277 216 1308 a
227 1277 250 1308 se
257 1261 364 1322 adjutum
375 1261 560 1318 Themistoclem.
584 1261 627 1310 Est
635 1263 697 1310 enim
707 1264 795 1310 bellum

128 1334 219 1400 gestum
230 1325 323 1374 oonsilio
337 1329 427 1375 senatis
441 1328 498 1397 ejus,
515 1327 557 1398 qui
566 1341 581 1374 e
591 1326 674 1374 Solone
684 1335 732 1374 erat
742 1341 796 1374 oon-

129 1495 133 1504 .
158 1453 226 1510 hicet
244 1453 323 1508 eedem
341 1455 369 1502 de
389 1454 504 1504 Peusnnii
522 1454 688 1530 Lysandroque
704 1453 793 1511 dicere;

127 1531 228 1580 quorum
237 1519 305 1566 rebus
315 1519 383 1582 gestis
390 1535 532 1583 quemquam
542 1518 665 1583 imperium
675 1516 795 1578 [heeedae-

127 1582 214 1645 monis]
234 1582 355 1630 dilatatum
369 1591 479 1646 putatum
497 1592 573 1630 temen
588 1597 617 1630 ne
631 1581 729 1629 minime
742 1582 795 1646 qui-

126 1645 180 1692 dem
195 1661 224 1693 ex
238 1653 303 1710 parte
317 1647 419 1710 Lycurgi
435 1648 524 1710 legibue
538 1656 561 1696 et
578 1646 702 1710 discipllnae
719 1646 795 1695 eonfe-

127 1709 192 1756 rendi
208 1719 268 1757 sunt
306 1709 449 1770 Quinetiam,
460 1713 490 1758 ob
501 1712 542 1760 has
552 1711 612 1775 ipses
622 1726 709 1770 sensas,
720 1719 743 1759 et
753 1727 795 1775 ps-

127 1773 235 1821 rentiores
242 1773 372 1822 habuerunt
382 1776 500 1833 exerutus,
512 1784 535 1823 et
545 1775 653 1824 fortiores.
671 1775 734 1823 Mihi
742 1775 794 1839 qui·

126 1836 180 1886 dem
198 1852 281 1902 neque,
298 1839 374 1901 pueris
393 1839 466 1897 nobis,
487 1839 524 1886 M.
542 1840 640 1887 Seeurus
659 1840 686 1888 C.
705 1839 793 1901 Mario,

125 1915 294 2034 iluimisslo
302 1903 793 2015 Vfflulniithlubiffiffli

163 1999 169 2012 Ι
295 1997 302 2023 ’
538 1999 544 2013 Ι

125 2028 179 2093 foris
190 2043 263 2088 erma,
279 2029 324 2076 nisi
338 2039 372 2078 est
385 2030 504 2078 eonsilium
515 2029 585 2077 domi.
603 2031 653 2078 Nec
665 2031 718 2092 plus
728 2030 793 2076 Afri-

125 2102 205 2153 mnus,
222 2093 342 2157 singtrleris
357 2103 379 2141 et
396 2094 431 2142 vir
445 2103 468 2141 et
481 2093 612 2156 imperator,
628 2093 653 2139 in
667 2093 792 2140 excidenda

126 2157 258 2206 Numanus
267 2158 397 2220 reipublice
409 2157 504 2220 profuit,
536 2172 591 2204 uam
601 2155 681 2203 eedem
691 2164 793 2219 tempore

126 2221 154 2267 Ρ.
171 2221 256 2268 Nesioe
272 2221 381 2284 privatus,
399 2235 452 2269 cum
466 2221 506 2267 Ti.
607 2235 648 2266 um
661 2220 790 2269 interemit:

124 2285 327 2348 quamquam'haec
337 2285 431 2348 quidem
441 2299 476 2332 res
487 2299 533 2335 non
544 2284 619 2332 solum
629 2295 658 2330 ex
669 2284 791 2333 domesticis
813 2297 817 2304 ’

123 2356 158 2396 est
168 2349 269 2395 ratione:
282 2349 373 2411 attingit
384 2349 452 2396 etiem
462 2348 577 2406 bellieem,
588 2348 696 2410 quonism
707 2349 731 2397 vi
740 2364 791 2396 ma-

123 2426 203 2475 nuque
214 2411 315 2459 confecta
329 2421 376 2460 est:
394 2413 434 2460 sed
443 2420 521 2460 temen
530 2412 555 2461 id
565 2412 641 2475 ipsum
652 2420 741 2478 gestum
756 2423 790 2460 est

123 2476 217 2534 consilio
228 2477 324 2535 urbano,
336 2477 383 2524 sine
394 2477 501 2534 exercitu.
557 2525 560 2532 Δ

157 2537 221 2586 Illud
236 2548 314 2605 eutem
328 2540 442 2603 optimum
455 2543 499 2600 eet,
514 2542 538 2590 in
553 2539 616 2604 quod
629 2539 707 2590 invadi
720 2512 798 2588 solere!

122 2599 400 2667 abimprobiseinvidis
410 2604 494 2654 sudio:
515 2625 521 2632 v·
786 2605 791 2648 .“
