1858 2946
137 148 169 195 ro
202 147 249 196 mr
260 148 511 211 nrvrnmrrour,
524 149 583 198 mr.
594 149 615 198 1.
627 124 690 204 osa
699 149 737 196 lo.
786 145 792 151 ·

134 283 222 338 septam
233 277 346 337 videmus,
362 277 498 326 exadversus
512 294 567 326 eum
581 279 659 326 Iocum
674 286 803 326 consecrata

135 348 175 386 cst
199 340 280 404 Atque
294 343 364 390 etiam
378 343 488 406 seriptum
503 343 609 392 a'multis
620 351 661 400 est,
673 357 727 390 cum
737 351 803 390 terrae

134 412 211 451 motus
222 405 295 453 factus
306 415 371 468 esset,
384 409 401 435 ‘⁶
408 407 444 454 Ut
454 423 493 454 sue
500 407 569 470 pleni
576 406 705 470 procuratio
713 407 803 466 fieret,''’'

135 483 214 516 vocem
225 472 254 517 ab
269 471 317 518 aede
331 471 432 519 Junonis
447 487 476 518 ex
491 487 541 518 arce
556 471 680 518 exstitisse:
698 471 804 533 quocirca

134 533 254 582 Junonem
264 534 329 582 illam
343 536 482 599 appellatam
497 535 625 583 Monetam.
649 535 708 582 Haec
722 533 802 596 igitar,

134 605 157 646 et
168 613 182 643 a
192 597 245 645 Diis
256 599 390 662 significata,
402 609 424 648 et
435 616 449 647 a
459 601 541 648 nostris
553 599 679 661 majoribus
691 598 801 660 judicata,

132 663 319 712 contemnimus?

166 726 250 790 Neque
261 729 335 776 solum
347 729 452 776 Deorum
465 743 529 776 voces
544 727 683 790 Pydragorei
697 728 802 775 observa-

134 801 224 850 verunt,
244 793 284 840 sed
302 793 371 840 etiam
392 793 522 849 hominum,
543 808 595 854 qua
616 800 698 840 vocant
716 792 801 838 omina.

133 855 195 914 Quae
211 857 308 917 majores
324 857 395 904 nostri
412 857 467 919 quia
486 857 560 903 valere
575 858 704 914 censebant,
718 855 802 904 ideirco

133 919 241 967 omnibus
258 921 443 983 rebusagendis,
462 920 562 979 “Quod
576 922 673 980 bonum,
688 920 800 980 faustum,

133 983 199 1042 felix,
210 983 399 1047 fortunatumque
410 985 493 1042 esset,”
504 983 672 1047 praefabanturr
687 986 801 1047 rebusque

132 1046 224 1107 divinis,
236 1063 288 1110 quae
299 1047 489 1112 publicefierent,
505 1058 532 1095 ut
546 1051 564 1076 “
572 1048 674 1096 faverent
687 1047 801 1110 linguis,”

131 1110 287 1174 imperabatur
294 1113 306 1168 ς’
323 1113 394 1176 inque
409 1113 471 1160 feriis
486 1113 634 1176 imperandis,
653 1116 670 1142 “
678 1120 706 1160 ut
720 1111 801 1174 litibus

132 1183 155 1221 et
163 1175 246 1238 jurgiis
256 1191 280 1224 se
290 1178 430 1225 abstinerent
437 1178 462 1224 :’'
477 1177 579 1240 itemque
594 1177 618 1224 in
632 1177 752 1225 lustrandi
762 1193 801 1225 co-

131 1239 203 1297 torta,
215 1243 244 1288 ab
255 1256 282 1288 eo
297 1241 338 1305 qui
352 1257 403 1290 eam
417 1242 553 1298 deduceret;
571 1250 594 1289 et
608 1257 662 1290 cum
677 1241 800 1304 imperator

130 1305 266 1364 exercitum,
278 1322 356 1354 censor
366 1307 480 1370 populum
494 1307 609 1366 lustraret,
620 1307 686 1354 bonis
700 1305 800 1353 nomini-

130 1370 184 1429 bus,
198 1370 240 1433 qui
253 1371 338 1420 hostias
352 1372 469 1430 ducerent,
486 1372 642 1434 eligebanturr
659 1370 722 1434 quod
737 1370 799 1418 idem

131 1433 155 1484 in
172 1435 260 1484 delectu
275 1437 378 1484 eonsules
392 1439 521 1494 observant,
536 1445 563 1482 ut
578 1435 666 1499 primus
680 1435 746 1482 miles
759 1435 800 1482 fiat

129 1500 191 1546 bono
202 1499 301 1548 nomine.
325 1501 386 1558 Quae
396 1500 490 1562 quidem
505 1514 519 1546 a
534 1507 557 1546 te
572 1499 622 1558 scis,
634 1508 657 1546 et
671 1499 762 1546 consule
777 1506 800 1546 et

130 1563 274 1625 imperatore,
286 1564 379 1610 summis
389 1564 497 1624 religione
507 1577 555 1609 esse
565 1571 658 1610 servata.
681 1562 800 1626 Praeroga-

129 1626 201 1672 tivam
212 1627 281 1672 etiam
292 1628 390 1693 majores
398 1641 465 1674 omen
474 1627 589 1686 justorum
598 1625 743 1673 comitiorum
751 1643 799 1675 esse

128 1689 258 1736 voluerunt.

161 1751 256 1799 XLVI.
273 1752 355 1815 Atque
365 1767 407 1815 ego
418 1753 523 1818 exempla
534 1752 638 1799 ominum
654 1760 708 1800 nota
722 1754 798 1816 profe-

128 1831 186 1862 ram.
210 1815 240 1862 11·
253 1817 349 1876 Paulus,
363 1817 441 1864 consul
456 1817 548 1874 iterum,
562 1831 616 1864 cum
631 1817 660 1874 ei,
672 1817 760 1864 bellum
771 1828 799 1865 ut
852 1856 856 1867 .

129 1895 184 1926 curn
199 1895 252 1944 rege
268 1880 337 1928 Perse
351 1889 447 1943 gereret,
460 1880 592 1943 obtigisset3
612 1889 639 1926 ut
653 1881 680 1926 ei
695 1879 746 1943 ipsi
759 1879 798 1927 die

129 1943 226 1990 domum
237 1944 267 1991 ad
278 1960 394 2008 vesperam
406 1945 480 2004 rediit,
494 1945 590 1992 filiolam
605 1959 670 1992 suam
681 1944 796 2001 Tertiam,

129 2023 183 2074 quae
197 2017 248 2059 tum
263 2017 311 2062 erat
325 2009 451 2056 admodum
468 2025 546 2072 parva,
563 2009 675 2067 osorrlans,
693 2007 797 2055 animad-

129 2071 196 2119 vertit
207 2072 348 2124 tristiorlam.
373 2073 465 2132 “Quid
478 2073 537 2131 est,''
551 2073 635 2131 inquit,
650 2075 727 2118 “mea
737 2071 797 2118 'l'er-

129 2135 180 2183 tia?
197 2137 253 2199 quid
264 2137 333 2184 tristis
344 2153 367 2184 es
375 2137 403 2185 ?’'
426 2137 492 2184 “Mi
502 2136 592 2200 pater,’'
602 2136 687 2200 inquit,
700 2135 798 2183 “Persa
823 2197 824 2200 Ἴ

129 2199 221 2261 periit'’
238 2201 303 2248 Tum
313 2203 352 2253 ille
363 2200 445 2249 arctius
455 2201 557 2264 puellam
567 2201 709 2264 complexus,
722 2204 740 2229 “
747 2203 797 2248 Ae-

129 2263 215 2327 cipio,'’
227 2265 311 2328 inquit,
324 2269 400 2314 “mea
408 2265 464 2326 filia,
473 2265 566 2314 omen.”
582 2265 640 2317 Erat
648 2274 726 2317 autam
733 2279 797 2314 mor·

128 2330 435 2378 tuuscatelluseonomine.
697 2348 701 2362 ’

114 2435 116 2441 .
162 2393 191 2440 L.
210 2393 328 2454 Flaccum,
348 2395 464 2442 flaminem
483 2393 625 2456 Martialem,
708 2394 796 2455 audivi,

128 2465 182 2504 cum
200 2457 292 2518 diceret,
311 2459 427 2507 Caeciliam
443 2459 543 2515 Metelli,
561 2473 615 2507 cum
631 2409 699 2508 effide
715 2461 797 2508 sororis

127 2537 175 2570 suae
186 2521 257 2570 filiam
268 2523 292 2570 in
300 2523 472 2571 matrimonium
481 2524 598 2583 collocare,
607 2525 681 2572 exisse
688 2523 713 2571 in
722 2525 797 2588 quod-

127 2585 182 2634 dam
201 2588 309 2636 sacellum
326 2588 409 2636 ominis
428 2588 532 2651 capiendi
553 2589 638 2637 caud:
664 2589 727 2653 quod
745 2589 796 2637 fieri

126 2661 303 2704 moreveterum
313 2654 406 2704 solebat
430 2653 491 2703 Cum
502 2653 567 2718 virgo
580 2663 656 2715 staret,
668 2663 691 2704 et
702 2653 796 2706 cecilia
