1852 2966
187 139 235 191 HE
246 137 569 206 ntvlrtadtottmmra
577 143 613 194 11.
625 144 737 194 Gardt.
761 145 804 216 4⁰

108 325 110 332 s
136 273 236 320 Albana
249 271 347 322 deducta
362 271 392 320 ad
404 271 529 320 utilitatem
544 273 593 337 agri
607 275 741 335 suburbani,
757 289 805 324 non

139 337 170 384 ad
181 349 256 384 artem
266 339 393 400 urbemque
403 337 550 384 retinendam.
572 342 608 385 At
618 339 687 401 paulo
701 347 753 402 post
763 355 806 387 au-

141 401 191 447 dita
204 415 250 447 von
265 408 299 447 est
314 401 436 460 monentis,
452 409 478 449 ut
492 399 643 464 providerent,
658 418 688 450 ne
702 419 716 450 a
731 403 807 451 Gallis

142 465 221 511 Roma
228 473 358 527 superetur:
373 480 402 512 ex
413 479 439 512 eo
448 465 496 512 Aio
504 465 620 528 Loquenti
630 481 693 513 mam
703 466 728 514 in
737 467 807 515 Novi

60 553 63 562 ·
142 527 191 575 vie
207 537 365 575 eonsecratarn.
389 527 454 584 Quid
462 532 540 591 sergo?
556 530 618 577 Aius
631 532 673 577 iste
689 531 806 593 loquens,

144 591 238 654 qnando
248 607 302 638 eum
316 607 384 640 nemo
395 595 468 650 norat,
487 593 569 650 aiebat,
585 603 607 640 et
617 594 767 656 loquebatur;
785 604 808 642 et

144 669 175 702 ex
185 671 212 702 eo
222 671 306 704 nomen
316 655 416 704 invenit:
434 665 580 720 posteaquem
592 665 614 704 et
625 657 700 704 sedem
712 667 734 704 et
744 673 808 706 aram

145 728 169 766 et
185 733 269 766 nomen
284 720 379 779 invenit,
397 720 520 768 obmutuit.
555 720 625 777 Quod
640 721 702 768 idem
717 721 762 768 diei
778 722 807 770 de

145 783 245 830 Moneti
260 792 348 846 potest3
368 799 383 830 a
398 784 453 846 qui,
470 793 621 848 preterquam
636 785 665 832 de
677 799 717 832 sue
730 785 807 848 pleni,

146 847 203 910 qnid
214 862 317 910 unquam
325 847 407 894 moniti
414 851 510 895 sumus?
523 848 583 896 Satis
590 849 665 895 multa
672 848 701 895 de
708 850 808 897 ostentis.

179 911 304 959 XXXIII.
321 911 433 974 Auspicia
442 920 535 970 restant,
547 920 570 958 et
580 921 649 960 sortes
659 928 692 960 ese
701 928 754 975 quae
765 912 809 971 du-

146 983 240 1033 euntur‚
251 989 297 1021 non
312 975 358 1022 illae
372 991 424 1038 quae
435 975 591 1023 vaticinatione
604 975 741 1036 funduntur,
756 992 809 1039 quse

146 1039 239 1086 oracula
257 1040 331 1086 vetius
347 1039 460 1095 dieinrus;
483 1039 512 1086 de
530 1040 614 1102 quibus
630 1049 680 1086 tum
698 1040 807 1100 disemus,

146 1116 201 1150 eum
214 1103 244 1149 ad
259 1103 386 1150 naturalem
400 1103 561 1150 divinationem
571 1103 705 1151 venerimus.
728 1105 810 1152 Restat

145 1167 217 1214 etiam
227 1167 256 1213 de
266 1166 394 1214 Chaldoeis:
411 1167 451 1213 sed
464 1167 565 1228 primum
575 1166 674 1230 auspicia
685 1168 808 1216 videamus.

145 1230 254 1278 Ditlleilis
269 1231 350 1292 auguri
363 1231 426 1277 loeus
441 1229 470 1276 ad
484 1239 561 1277 eontra
575 1230 711 1278 dioendum=
729 1233 810 1280 Marso

137 1294 249 1352 ,tumme
264 1295 304 1341 sed
318 1295 424 1342 Romano
438 1292 566 1341 facillimus.
590 1295 645 1342 Non
658 1295 719 1342 enim
730 1311 810 1343 sumus

145 1357 164 1405 ii
178 1373 220 1406 nos
234 1373 339 1420 augium,
353 1358 402 1420 qui,
417 1357 496 1405 avium
510 1357 677 1419 reliquorumve
705 1358 710 1368 ¹
743 1373 810 1406 orum

145 1421 310 1479 observatione,
326 1422 405 1469 futura
417 1421 533 1469 ditamus:
551 1429 661 1468 ettamen
673 1435 709 1468 ere
726 1435 748 1479 o,
762 1423 811 1468 tto.

146 1486 250 1544 mulum,
261 1485 302 1548 qui
312 1488 392 1533 urbem
403 1485 518 1548 suspitato
528 1483 636 1544 condidit,
647 1483 752 1532 habuisse
762 1487 812 1549 opl-

146 1551 251 1609 nIonem‚
264 1563 311 1596 esse
324 1549 349 1597 in
363 1548 506 1612 providendis
518 1549 586 1595 rebus
600 1548 727 1611 augurandi
740 1549 811 1606 scieq-

145 1612 497 1667 tiamterrabitenimmultisin
505 1613 573 1659 rebus
580 1612 721 1676 antiquitas),
740 1617 829 1676 quam‘

148 1679 187 1726 vel
197 1693 242 1724 usu
251 1679 309 1737 jam,
321 1677 357 1725 vel
367 1676 477 1735 doctrinis,
488 1675 525 1724 vel
535 1684 652 1734 vetustate,
666 1677 812 1734 immutatam

147 1742 260 1790 videntur.
284 1740 404 1788 Retinetur
417 1749 503 1800 autem,
519 1748 541 1787 et
554 1740 584 1787 ad
597 1740 727 1803 opinionem
738 1742 811 1804 vulgi,

148 1805 222 1853 etad
240 1819 336 1866 magnas
356 1803 464 1851 utilitates
485 1803 621 1866 reipublice,
642 1819 701 1864 mes,
722 1805 811 1868 religio,

148 1869 277 1931 diteipIIna‚
287 1869 325 1928 jus
335 1883 458 1930 elegiarum,
470 1867 558 1930 oollegii
567 1868 694 1916 auotoritas·

183 1933 235 1980 Nee
249 1947 301 1979 vem
315 1946 361 1979 non
376 1931 439 1978 omni
452 1932 563 1994 supplicio
575 1932 639 1994 digni
650 1933 677 1980 P.
690 1931 810 1991 Claudius,

148 1997 181 2045 Ia.
190 1995 286 2055 Iunius,
297 1995 407 2052 eonsules,
419 1995 460 2058 qui
470 2003 547 2042 eontra
556 1995 656 2058 suspitia
665 1996 809 2058 navigarunt.

151 2060 284 2108 Parendum
295 2057 357 2106 eninr
366 2059 411 2106 fuit
421 2059 538 2121 religionis
556 2074 597 2106 nee
607 2059 693 2122 patrius
703 2074 752 2108 mos
762 2069 812 2108 tam

150 2123 314 2172 eontumaeiter
328 2123 487 2186 repudiandus
510 2123 570 2170 «Iure
582 2123 652 2186 igitur
665 2123 722 2170 alter
731 2123 812 2186 populi

148 2187 238 2250 judicio
253 2186 374 2234 damnatus
390 2195 438 2244 eet3
458 2187 514 2233 alter
527 2195 625 2234 mortem
639 2187 744 2249 sibiipse
758 2202 812 2247 con·

150 2251 224 2300 seivit.
242 2250 369 2298 Flaminiae
380 2264 426 2297 non
436 2250 512 2312 paruit
522 2250 640 2315 auspiciiss
657 2250 734 2314 itaque
746 2252 813 2314 periit

150 2329 206 2364 uam
217 2315 323 2362 exereim
345 2318 389 2372 At,
401 2328 461 2361 anno
470 2322 529 2377 post,
541 2314 628 2362 Paulus
640 2315 722 2378 paruit.
745 2315 813 2362 Num

144 2379 230 2428 ,minus
251 2377 330 2425 cecidit
347 2378 372 2425 ia
391 2377 505 2440 Cannensi
522 2378 601 2440 pugni
619 2393 673 2426 cnm
691 2379 812 2427 exercitui

151 2443 257 2500 Etenim,
269 2450 295 2488 ut
304 2441 350 2489 sint
359 2441 459 2504 anspitia
470 2443 603 2504 (quentilla
609 2450 681 2502 sunt),
688 2442 736 2489 haee
744 2450 812 2501 certe,

150 2507 238 2570 quibus
248 2506 343 2564 utimur,
355 2506 401 2553 sive
411 2505 518 2568 tripudio,
530 2506 576 2552 eive
586 2504 814 2566 decelebraturo

150 2569 812 2698 &iiiiifliiiiliiiiiiiissbrmmv
913 2595 915 2598 ’
