1862 2964
118 147 171 224 .2⁴⁰.,
225 143 271 194 un
289 142 446 203 oremus,
457 143 519 191 mn.
531 141 552 190 1.
564 141 628 191 civ.
643 131 684 189 se

121 272 222 322 amavit:
240 273 328 337 itu-que
336 281 389 322 unte
399 271 535 338 implieetur!
545 271 623 382 alluo
636 245 698 318 certo
708 279 794 331 genere

123 353 237 401 cursuque
248 337 347 398 vivendi,
359 353 430 400 quum
441 336 524 400 potuit,
533 352 565 399 qu
602 334 718 397 optimum
726 341 795 391 esset,

120 401 230 462 J'udicere.
248 402 321 460 Num,
339 401 545 465 quodHerculem
563 398 696 446 Prodioium
714 397 797 444 dicunt

122 469 161 519 (ut
171 474 205 513 est
215 466 278 529 opud
288 465 476 529 Xenophontem)
483 479 536 512 eum
547 463 650 526 primum
661 463 796 525 pubesceret

123 530 199 593 <quod
209 538 325 594 tempusa
336 529 427 587 netum,
438 529 468 576 ed
480 526 637 590 deligendum,
651 540 724 589 quam
732 525 798 588 quis-

124 609 171 658 que
185 595 248 642 viem
262 595 353 643 vivendi
367 594 397 642 sit
411 593 561 656 ingressurus,
573 591 654 638 dutum
665 597 709 647 est)
720 590 796 636 exisse

126 657 152 704 in
162 659 318 718 solitudinem,
330 667 399 722 etque
409 658 442 707 ibi
456 656 581 713 sedentem,
592 654 633 701 diu
644 668 722 701 seeum
733 653 797 699 mul-

127 729 225 786 tumque
242 723 365 781 dubitbsse,
383 736 438 771 cum
454 719 512 767 dues
529 725 629 766 oerneret
645 717 703 775 vies,
723 731 797 764 unam

126 785 268 850 Voluptatis,
286 787 381 834 alteram
396 785 504 843 Virtutis,
515 791 592 830 utram
608 781 698 844 ingredi
712 780 798 827 melius

127 858 201 906 esset;
217 851 261 900 hoe
271 850 376 909 Herculi,
391 849 458 898 «lovis
468 857 520 896 satu
530 847 599 903 edito,
610 845 686 908 potuit
701 844 798 892 fortusse

127 915 272 976 contingere:
293 914 359 961 nobie
377 928 423 960 non
444 913 510 971 item,
528 911 570 974 qui
590 910 718 967 imitamur,
738 923 797 971 quos

127 978 210 1040 cuique
225 977 300 1025 visum
315 985 357 1038 est,
372 985 442 1040 etque
456 976 486 1023 ad
499 990 579 1024 eorum
593 973 669 1022 studia
680 972 798 1020 institute·

127 1056 173 1104 que
192 1041 340 1104 impellimur.
366 1041 474 1103 Plerique
490 1047 577 1097 autem,
594 1036 725 1100 parentium
738 1051 798 1100 pre·

129 1104 200 1167 ceptis
213 1105 306 1162 imbuti,
322 1104 352 1154 ed
362 1120 442 1153 eorum
459 1102 647 1152 consuetudinem
665 1115 800 1163 moremque

127 1167 269 1216 deducimur.
286 1165 339 1218 Alii
345 1169 500 1217 multitudinis
504 1167 590 1228 judicio
596 1165 717 1220 feruntur3
735 1179 799 1226 qus>-

128 1248 175 1296 que
188 1233 270 1296 mojori
285 1234 346 1297 porti
376 1231 513 1282 ulcherrimu
527 1230 642 1288 videnum,
659 1244 687 1276 eo
695 1228 799 1276 maxime

129 1306 245 1360 exoptent.
274 1299 346 1346 Nonn
382 1298 387 1310 ’
403 1306 489 1355 tamen,
501 1296 548 1344 sive
565 1294 672 1342 felicitate
688 1291 798 1367 peridem,

129 1361 177 1410 sive
187 1363 289 1411 bonitate
298 1372 395 1421 nature,
408 1361 454 1410 sive
466 1359 597 1424 parentium
611 1355 740 1419 disdpbnb,
751 1371 799 1404 rec-

130 1435 178 1476 tam
190 1427 243 1474 vius
254 1427 325 1476 secuti
335 1435 389 1474 eunt
400 1427 468 1475 viem.

162 1491 290 1540 XXXIII.
308 1491 371 1538 Illud
382 1499 460 1536 autem
471 1488 573 1538 maxinre
587 1501 665 1536 rerum
679 1499 752 1550 genus
765 1491 799 1532 eet

130 1569 219 1612 eorum,
231 1555 280 1617 qui,
292 1564 333 1602 eut
343 1553 473 1601 excellentie
483 1551 570 1614 ingenii
581 1549 800 1614 megnimdine,‘aut

130 1617 240 1686 preelurb
259 1617 384 1665 eruditione
402 1626 471 1680 etque
484 1613 594 1674 doetrini,
606 1622 647 1663 eut
663 1614 761 1677 utrisque
777 1627 802 1660 re

131 1681 215 1739 ornati,
227 1681 327 1744 epatium
342 1679 483 1728 deliberandi
493 1680 632 1738 habuenmt
649 1693 721 1742 quem
731 1677 802 1740 potis-

132 1744 218 1792 simum
229 1745 282 1792 vite
292 1759 385 1800 mireum
396 1744 462 1807 sequi
477 1744 577 1792 vellent:
595 1742 677 1806 inqui
692 1742 804 1789 delibere-

132 1807 202 1867 tione,
214 1806 244 1856 od
255 1823 321 1856 uuum
329 1809 441 1871 cujusque
447 1816 556 1856 usturam
566 1807 688 1855 ooneilium
695 1813 729 1854 est
736 1819 803 1854 omne

132 1871 293 1919 revocandum.
317 1871 391 1930 Nam,
402 1888 465 1930 oum,
474 1872 499 1919 in
510 1872 618 1919 omnibus
632 1887 684 1934 quae
695 1877 802 1932 aguntur,

69 1979 73 1986 .
133 1951 163 1982 ex
174 1951 200 1983 eo
211 1936 280 1984 modo
291 1952 338 1999 quo
346 1936 444 2000 quisque
453 1945 521 1984 natus
531 1944 573 1993 est,
586 1939 622 1988 (ut
637 1951 707 1998 supra
717 1934 804 1981 dictum

133 2008 176 2059 est)
188 2000 245 2062 quid
255 1999 342 2060 deveat,
357 2001 517 2064 exquirimusr
534 2009 586 2048 tum
596 1999 621 2048 in
632 1999 681 2046 rou
695 1997 744 2046 virt
751 2011 804 2046 oon·

134 2065 258 2125 stituendb,
270 2065 344 2113 multo
358 2074 392 2114 est
402 2081 457 2113 cura
467 2066 541 2126 major
556 2062 694 2122 adhibendo,
709 2070 737 2109 ut
752 2075 803 2108 mn·

134 2138 194 2178 sture
211 2129 236 2176 in
253 2130 306 2178 nte
321 2130 473 2193 perpetuitate
488 2128 602 2193 possimus
616 2127 731 2176 nobismet
740 2125 801 2190 ipsis,

135 2193 213 2241 necin
224 2193 273 2241 ullo
283 2193 357 2242 officio
368 2194 502 2242 daudioore.
515 2243 518 2249 ,

166 2256 209 2302 Ad
227 2257 287 2306 hene
308 2266 386 2306 eutem
407 2256 528 2314 rationem,
549 2256 659 2320 quonium
678 2255 811 2302 maximum·

136 2319 184 2368 vim
202 2329 285 2368 notura
305 2321 383 2380 habet,
406 2320 499 2368 fortuna
516 2321 663 2384 proximum
687 2319 803 2381 utriusque

135 2382 230 2431 omnino
241 2385 299 2432 ratio
314 2385 421 2433 habende
431 2393 464 2432 est
474 2385 499 2430 in
510 2383 631 2446 deligendo
641 2398 724 2446 genere
737 2383 801 2437 vitm

136 2446 176 2495 sed
192 2454 280 2494 neturae
298 2449 387 2511 magis:
405 2449 480 2494 multo
497 2448 560 2496 enim
579 2457 602 2496 et
619 2447 706 2496 firmior
725 2455 766 2504 est,
783 2453 803 2492 et

136 2510 289 2567 oonstsntior;
306 2520 334 2559 ut
343 2512 436 2560 fortuna
446 2526 623 2575 nonnunquam,
632 2510 804 2574 temquunipss

136 2573 246 2647 morulis,
264 2589 318 2622 eum
335 2575 461 2623 immortali
479 2576 563 2624 natrub
577 2590 680 2650 pugnare
696 2575 803 2622 videatur.

135 2636 184 2692 Qui
195 2645 265 2697 igitur
275 2638 305 2686 ad
317 2649 405 2688 nuturae
422 2655 470 2689 suae
486 2654 532 2690 non
546 2639 633 2691 vinoso
645 2653 718 2702 genus
736 2637 803 2687 eonsi-
