1862 2964
126 163 173 211 ru
237 161 284 210 oa
301 163 458 225 oenone,
470 163 531 212 ιιι.
544 161 565 211 1.
578 161 642 211 cir.
657 157 697 218 37.

130 289 182 338 nilo
193 289 287 354 prodest
301 305 377 340 nemo.
394 292 510 341 Verentur
520 292 592 352 enin,
603 305 641 350 ne,
653 292 731 354 siquo
746 285 804 338 eosu'

130 355 239 414 evenerit,
250 362 277 402 ut
287 357 386 420 eorporis
396 366 471 420 partes
482 357 589 419 quedam
606 356 745 419 aperientiu,
758 354 800 400 ad-

130 417 254 480 spiciuntur
269 434 315 467 non
330 422 416 468 decore.
441 422 526 468 Nostro
544 419 639 483 quidem
657 434 731 479 more,
746 433 801 466 eum

130 483 264 543 perentibus
278 487 375 547 puberes
387 485 439 543 filii,
451 500 505 534 eum
521 484 602 532 soceris
612 483 698 546 generi,
710 497 757 530 non
768 483 809 528 la-

131 553 221 594 vantur.
242 547 374 596 Retinenda
384 558 417 597 est
427 549 498 612 igitur
508 549 579 609 huJus
589 548 678 610 generis
693 550 804 596 verecun-¹

130 608 177 667 diu,
186 613 312 674 praesertim
323 614 407 662 natust
414 613 464 676 ipsi
474 612 584 675 magistris
595 623 618 659 et
626 612 693 659 duee.
796 638 800 642 ·

162 674 285 724 XXXVI.
303 677 365 725 Cum
380 685 457 725 sutem
467 675 645 740 pulchritudinis
658 676 707 723 duo
717 689 801 748 genera

89 736 94 750 “
130 737 713 802 dntquomminaltmovmusteseiainaltero
726 739 803 801 digm-
865 787 869 794 Ᾰ
916 788 917 813 p

129 810 182 860 test
200 813 341 852 venustatem
351 805 488 854 muliebrem
499 805 581 852 duoere
591 804 710 863 debemus,
726 801 802 864 digni-

130 874 201 914 tatem
217 868 313 915 eir-ilem.
331 869 395 930 Ergo
410 878 434 916 et
450 867 553 917 stoma
566 874 710 915 removeatur
726 865 802 914 omnis

129 930 178 977 viro
188 945 235 978 non
248 931 331 993 dignus
345 941 454 990 ornatus3
472 941 494 980 et
512 932 566 980 huic
581 931 655 978 simile
672 930 757 978 vitium
775 929 800 976 in

58 1047 63 1056 Ι
128 1001 194 1054 gestu
208 1003 274 1041 motu
290 1010 320 1042 ue
333 1005 445 1044 caveatur.
469 997 534 1043 Nam
549 1004 571 1042 et
585 993 706 1058 puestrici
722 1002 801 1042 motus

129 1071 190 1118 saepe
199 1065 253 1104 sunt
294 1058 399 1116 ‘osioren
416 1069 439 1107 et
448 1060 586 1108 histrionum
601 1057 708 1106 nonnulli
721 1065 800 1121 gestus

127 1119 200 1184 inepti
211 1135 258 1169 non
271 1131 353 1170 vacant
365 1124 504 1182 ostensivum
523 1133 554 1182 et,
563 1123 588 1172 in
598 1131 696 1186 utroque
707 1137 799 1185 genere,

129 1199 182 1246 quae
192 1193 246 1232 sunt
256 1195 316 1234 reeta
327 1196 349 1234 et
366 1188 486 1252 simplicis,
497 1188 628 1236 budmuu.
654 1185 747 1234 Formae
757 1201 801 1233 su-

128 1255 176 1296 tem
186 1249 285 1312 nigrius
295 1253 375 1300 eoloris
388 1253 489 1301 bonitate
503 1252 589 1300 tuenda
603 1259 654 1308 este
671 1251 742 1310 color,
758 1265 800 1298 ex-

128 1313 297 1362 ercitationibus
303 1317 409 1380 eorporis.
424 1316 566 1366 Adhibenda
573 1322 722 1378 estpraeterea
728 1329 801 1360 mun·

129 1375 186 1424 ditia
202 1393 248 1426 non
265 1379 351 1439 odiosa,
370 1395 445 1444 neque
461 1381 574 1444 exquisita
595 1379 680 1434 nimist
705 1386 800 1426 tantum

129 1455 182 1552 ppae
196 1443 271 1506 fugiet
287 1453 398 1506 agrestem
416 1455 438 1493 et
454 1445 606 1493 inhumanam
624 1441 799 1508 negligentiam.

153 1505 220 1553 adem
230 1508 288 1555 ratio
299 1517 332 1555 est
345 1509 451 1557 habende
461 1508 570 1565 vestitum
587 1508 612 1555 in
626 1523 673 1571 quo
684 1506 755 1562 (sieut
769 1506 796 1554 in

129 1568 244 1632 plerisque
254 1573 332 1630 rebus)
342 1573 485 1620 mediocritas
495 1573 584 1635 optima
594 1580 635 1620 est

130 1695 136 1706 ·
162 1632 297 1680 Cavendum
308 1642 342 1682 est
351 1644 438 1708 autem,
450 1651 479 1684 ne
493 1645 534 1684 aut
544 1635 690 1685 tarditatibus
700 1643 797 1709 utamur

128 1697 803 1826 mmmmm

129 1821 212 1869 nimias
223 1823 362 1883 eeleritates3
380 1842 432 1889 quae
442 1827 570 1887 cumbunt,
579 1828 693 1876 anhelitus
703 1841 799 1874 movear-

129 1892 176 1943 tur,
196 1886 274 1934 vultus
289 1896 417 1951 mutantur,
437 1908 477 1940 ora
495 1901 645 1956 torquentum
663 1907 692 1938 ex
711 1890 800 1954 quibus

130 1962 215 2011 magne
227 1951 361 2013 significatio
375 1955 409 2015 fit,
426 1971 472 2004 non
486 1957 564 2004 adesse
577 1955 734 2004 constantiam.
752 1955 801 2003 Sed

129 2014 204 2060 multo
215 2015 284 2062 etiam
294 2017 368 2080 magis
378 2020 541 2068 elaborandum
551 2029 593 2080 est,
602 2035 632 2068 ne
641 2019 713 2067 animi
721 2027 800 2066 motus

129 2093 146 2124 a
155 2079 238 2126 naturis
248 2081 367 2132 reoedant:
385 2085 447 2147 quod
458 2099 613 2148 assequemur,
625 2084 645 2132 si
657 2083 799 2140 tenebimus,

129 2155 160 2189 ne
169 2142 194 2188 in
204 2146 384 2206 perturbationes
392 2157 461 2212 etque
467 2148 644 2196 exanimationes
652 2147 798 2195 incidamuss

60 2253 66 2264 ,
130 2212 154 2251 et
164 2207 183 2252 si
193 2215 290 2256 attentos
298 2211 386 2258 animm
397 2213 426 2258 ad
436 2212 521 2260 deooris
532 2211 799 2260 conservationemtene-

129 2267 214 2340 bimus.
231 2271 313 2320 Motus
323 2282 401 2322 autem
411 2277 540 2323 animorum
547 2276 649 2338 duplices
660 2283 729 2332 sunt;
740 2275 800 2322 alte-

129 2345 149 2376 n
166 2333 316 2396 cogitationis,
338 2337 403 2385 elteri
420 2341 539 2402 appetitis.
570 2339 685 2402 Cogitatio
701 2339 726 2386 in
743 2353 799 2386 vero

129 2397 270 2456 exquirendo
284 2402 386 2448 monime
400 2412 515 2450 versatur:
532 2403 646 2466 appetitus
656 2402 756 2466 impellit
767 2402 799 2449 ad

129 2458 252 2518 egendum.
270 2463 405 2512 Curandum
423 2475 457 2512 est
475 2467 553 2529 igitur,
571 2476 598 2514 ut
611 2467 748 2530 «rogitatione
766 2466 798 2513 ad

128 2536 249 2632 plepnppplm
263 2527 361 2636 optines
374 2537 484 2588 utamur3
500 2529 629 2594 appetitum
644 2529 728 2582 rationi
741 2532 798 2578 obe·

161 2603 483 2718 xxxpffipsppsduem
494 2671 579 2720 msgnn
590 2658 624 2706 vis
634 2657 743 2708 orationis
753 2665 799 2717 est,
