1856 2952
141 188 190 236 tta
329 188 563 240 TlMAEUS.CA1’.
582 189 619 236 la.

140 315 233 362 mortali
246 328 384 380 generentur
397 319 586 380 conditionatos
601 316 723 382 suscipite,
746 323 783 364 ut
795 315 853 363 ills

141 378 248 441 gignatis,
269 382 438 447 imiteminique
455 384 504 432 vim
521 398 607 443 meam,
627 383 677 446 qui
694 381 722 428 in
749 389 849 428 vestm

140 452 192 490 ortu
203 459 242 492 me
252 461 322 494 usum
338 463 386 496 esse
396 447 546 496 mministis:
564 448 589 494 in
600 447 687 510 quibus
698 445 749 508 qui
771 444 845 491 tales

140 517 254 568 creantur,
273 520 299 558 ut
319 511 423 559 Deorum
441 511 608 559 immortalium
627 510 698 574 quasi
717 509 843 574 gentiles

140 585 189 618 esse
199 571 306 634 debeant,
317 575 389 624 divini
397 577 484 639 generis
495 576 654 640 appellentur:
672 582 841 636 teneantque

140 637 247 686 omnium
255 641 408 688 animantium
418 641 588 704 principatumt
606 639 720 702 vobisque
729 639 796 698 jure
808 645 837 684 et

140 699 192 764 lega
203 705 302 752 volentes
313 714 423 768 pareant:
441 719 541 769 quorum
548 703 613 752 vobis
623 702 719 750 initium
732 710 835 749 stature-

142 781 189 828 que
201 768 299 816 traditur
313 785 390 817 ama:
408 785 448 818 vos
460 778 547 827 autem,
558 768 588 815 ad
599 767 623 815 id
637 767 703 831 quod
714 765 765 814 erit
776 766 831 812 im·

140 832 246 891 mortale,
264 841 354 896 partem
372 833 489 882 attexitote
507 833 635 880 mortalem.
653 831 692 884 lta
710 830 830 878 orientur

142 894 279 955 animantes,
297 912 354 960 quos
371 907 394 946 et
409 899 471 946 vivos
484 898 560 958 alatis,
576 904 598 945 et
612 903 750 946 consumtus
767 893 826 942 mnu

141 960 279 1022 recipiatis.''
302 961 360 1008 llaec
371 962 411 1010 ille
422 962 489 1009 dixit.

174 1023 235 1070 Xll.
253 1023 343 1071 Deinde
350 1025 379 1071 ad
390 1027 579 1101 temperationem
586 1025 728 1089 superiorem
737 1038 824 1070 rever-
899 1035 900 1082 t

141 1086 186 1134 tit=
204 1087 228 1132 in
239 1088 287 1151 quir
303 1102 396 1136 omnem
410 1104 516 1138 animum
526 1091 638 1139 universae
654 1097 745 1135 naturae
757 1095 823 1136 tem-

141 1165 224 1214 perans
239 1153 397 1216 permiscebat,
408 1155 577 1218 superiorisque
590 1151 752 1218 permixtionis
764 1153 821 1200 reli-

142 1215 208 1279 quias
214 1215 313 1265 fundens
321 1221 435 1282 equabat,
445 1219 525 1266 eodem
533 1219 602 1266 modo
610 1219 690 1276 ferme,
699 1216 744 1264 nisi
751 1217 818 1280 quod

143 1281 233 1327 nonita
242 1280 393 1346 incorruptas,
404 1291 431 1340 ut
442 1299 477 1344 ea,
488 1300 541 1348 quae
551 1298 641 1347 semper
651 1281 730 1328 idem:
748 1280 790 1328 sed
800 1297 815 1328 a
899 1295 900 1344 3

144 1343 198 1392 Diis
209 1347 335 1394 seeundum
347 1349 459 1407 sumebat,
471 1357 541 1412 atque
551 1348 652 1394 tertium.
670 1347 732 1393 Toto
741 1345 816 1408 igitur

144 1409 240 1458 omnino
250 1411 381 1472 constituto,
393 1412 504 1460 sideribus
511 1427 591 1476 parem
602 1425 725 1459 numerum
735 1409 813 1456 distri-

143 1475 196 1522 buit
215 1475 363 1533 animorum
381 1485 403 1523 et
422 1477 523 1540 singulos
538 1475 644 1537 adjunxit
657 1474 686 1522 ad
704 1473 809 1536 singular

146 1546 216 1602 atque
234 1539 267 1586 ita
285 1541 352 1604 quasi
368 1540 393 1587 in
410 1555 503 1588 currum
516 1539 669 1588 universitatis
685 1538 808 1602 imposuitr

144 1605 376 1668 commonstravitque
386 1605 448 1668 leges
456 1605 536 1653 fatales
543 1621 569 1652 sc
576 1603 726 1659 necessarias3
742 1611 764 1650 et
772 1617 807 1649 os-

144 1667 219 1713 tendit
228 1667 331 1730 primum
341 1676 418 1714 ortum
434 1684 508 1716 unum
523 1669 571 1718 fore
581 1669 697 1727 omnibus,
712 1669 807 1729 eumque

143 1729 289 1776 moderatum
305 1739 375 1794 atque
386 1741 535 1792 constantem,
547 1748 589 1780 nec
603 1734 633 1780 ab
643 1732 692 1779 ullo
702 1731 806 1778 imminu·

145 1801 211 1840 tum:
229 1795 284 1841 satis
295 1803 373 1842 autem
390 1808 414 1842 et
424 1797 491 1859 quasi
503 1798 585 1861 sparsis
600 1796 691 1854 animis,
707 1795 759 1854 fore,
771 1795 804 1842 uti

144 1857 210 1904 certis
228 1866 359 1921 temporum
379 1859 504 1908 intervallis
521 1861 618 1909 oriretur
636 1860 728 1919 animal,
745 1859 803 1922 quod

145 1930 203 1969 esset
213 1921 243 1968 ad
253 1923 342 1970 cultum
355 1923 459 1971 Deorum
470 1925 623 1989 aptissimum.
640 1924 694 1982 Sed,
704 1939 751 1972 cum
761 1923 802 1970 du-

144 1986 200 2050 plex
219 1995 277 2034 esset
294 1995 376 2035 natura
392 1989 481 2052 generis
496 1990 602 2045 humani.
614 1989 646 2037 sic
657 2004 680 2036 se
696 1988 802 2036 relaba

145 2051 211 2109 bant,
223 2061 250 2098 ut
264 2053 409 2116 prestantius
424 2069 496 2116 genus
509 2062 566 2102 esset
581 2069 669 2113 eorum,
686 2052 725 2118 qui
734 2060 800 2099 essert

145 2115 219 2162 futuri
230 2116 279 2164 viri.
298 2115 360 2165 Cum
371 2126 449 2165 autem
459 2119 541 2165 animis
550 2133 644 2182 corpora
653 2133 706 2166 oum
715 2116 799 2164 necessi·

145 2187 192 2226 tate
201 2179 325 2240 insevisset
338 2196 437 2245 cumque
447 2181 476 2229 ad
488 2197 581 2246 corpora
592 2181 741 2244 [necessitate]
753 2189 799 2226 tum

145 2244 241 2291 accessio
258 2245 330 2302 lieret,
345 2254 396 2292 tum
407 2247 532 2302 abscessiot
548 2261 637 2294 necesse
654 2255 707 2303 erat,
718 2259 798 2292 sensum

147 2307 255 2354 exsistere
272 2323 347 2356 unum
363 2325 556 2375 communeque
570 2311 675 2358 omnium
692 2309 798 2357 vehemen-

144 2369 202 2418 tiore
213 2379 278 2418 motu
289 2373 422 2431 excitatum,
435 2376 629 2438 conjunctumque
637 2381 731 2420 natura:
741 2372 798 2418 dein-

144 2433 174 2480 de
189 2435 306 2497 voluptate
326 2445 349 2484 et
370 2438 475 2484 molestiis
495 2439 596 2485 mixtum
618 2452 729 2491 amoremt
744 2445 796 2498 poet,

144 2497 213 2555 uam,
231 2507 254 2544 et
270 2508 369 2557 metum,
382 2509 404 2546 et
421 2501 520 2564 reliquos
530 2511 608 2548 motus
626 2501 704 2558 enirm,
717 2499 795 2548 muritta

143 2562 296 2622 superiorum,
305 2570 328 2609 et
338 2563 449 2611 bisetium
457 2566 579 2612 contrarios
588 2564 729 2619 dissidentem
744 2578 795 2626 quos

141 2623 283 2728 quitatione
297 2627 389 2686 rexerit,
405 2628 467 2689 juste
484 2630 583 2685 vixerit3
601 2629 642 2691 qui
652 2627 793 2674 autemhisre

159 2685 262 2748 ediderit,
279 2688 371 2750 injuste.
388 2695 471 2754 Atque
485 2693 533 2752 ille,
549 2692 590 2755 qui
606 2699 666 2740 recte
681 2698 702 2738 et
716 2691 793 2738 bonate
