1852 2966
158 101 207 164 n'u
219 103 470 175 orvmnororin,
483 111 544 164 nra.
554 115 589 165 11.
600 117 664 166 on.
674 110 713 166 422
746 116 777 165 os

106 241 178 291 fracto
189 259 245 292 saxo
256 252 326 291 sones
336 244 444 306 cupisse,
460 244 484 291 in
495 245 575 292 robore
584 246 708 309 insculptas
718 245 776 308 pris-

105 323 186 355 carum
205 307 324 354 literarum
343 309 410 355 notis.
438 309 463 355 Is
481 318 515 356 eet
533 309 601 358 hodie
619 311 681 357 locris
697 318 775 372 septus

104 371 217 434 religiose,
253 380 329 434 ropter
339 372 405 419 Jovis
420 372 499 429 Pueri,
517 373 566 435 qui,
584 373 701 437 [laeteris]
721 388 774 420 cunr

103 435 208 494 Junone,
246 447 335 481 onoma
348 436 372 481 in
386 436 473 496 gremio
487 436 574 494 sedens,
592 451 718 484 mammam
733 453 774 499 ap·

103 507 192 561 petens,
217 498 341 545 castissime
358 500 441 546 colitur
459 515 474 547 a
492 501 610 548 matribus.
638 501 774 563 Eodemque

104 571 216 624 tempore,
227 563 251 610 in
263 577 290 609 eo
300 562 358 618 loco,
370 563 411 610 ubi
420 563 529 610 Fortunae
539 578 602 611 nunc
611 564 654 612 sita
664 573 698 612 est
706 565 773 623 edes,

105 627 153 673 mel
160 635 199 680 ,ex'
210 626 261 673 olei
275 626 367 673 fluxisse
382 627 476 682 dicunt3
494 627 669 690 haruspioesque
682 628 773 685 dixisse,

105 690 198 738 summi
206 690 325 739 nobilitate
335 690 386 737 illas
394 699 463 738 sortes
470 690 575 746 foturas3
593 707 717 754 eorumque
725 693 774 753 jus-

106 769 142 813 su,
160 769 189 801 ex
203 753 246 800 nn
260 754 311 806 olei
324 769 400 800 arcam
414 769 461 802 esse
475 755 568 812 factam,
585 755 657 818 eique
673 754 775 802 conditas

106 826 184 877 aortee,
201 833 255 880 quae
264 817 332 864 hodie
343 818 452 870 Fortunae
461 819 551 866 monitu
562 819 680 866 tolluntur.
708 818 773 877 Quid

105 881 175 943 igitur
183 882 208 928 in
219 881 255 928 his
265 889 339 944 potest
349 898 397 930 esse
407 883 470 940 terti,
481 898 542 992 (pute,
554 883 662 930 Fortunas
672 883 772 942 monitu,

106 945 173 1008 pueri
182 959 255 992 manu
266 945 397 1005 miscennm
409 955 479 1008 atque
503 950 621 995 ucunturi
637 948 693 1006 Quo
702 948 772 995 modo

105 1018 183 1056 autem
194 1009 243 1056 istae
253 1009 333 1072 positae
342 1010 367 1056 in
381 1010 421 1058 illo
431 1011 500 1058 loco?
517 1011 577 1069 Quis
588 1014 657 1060 robur
667 1011 725 1058 illud
736 1027 772 1060 ce·

105 1072 169 1132 cidit,
184 1072 278 1131 dolavit,
293 1073 424 1136 inscripsit?
441 1074 508 1120 Nihil
522 1084 563 1134 est,
578 1075 694 1138 inquiunt,
709 1077 771 1138 quod

105 1136 171 1184 Deus
185 1136 273 1184 efficere
289 1151 336 1183 non
352 1137 429 1200 poscit
446 1137 543 1184 Utinam
560 1139 670 1201 sopientes
684 1140 772 1188 Stoicos

105 1201 221 1258 decimet,
238 1215 268 1248 ne
282 1201 360 1247 omnia
370 1201 523 1264 superstitiosi
533 1201 683 1250 sollicitudine
694 1211 717 1250 et
726 1204 771 1250 mi·

105 1265 163 1312 serii
173 1264 304 1312 crederent!
323 1264 369 1312 Sed
382 1265 425 1312 hoc
439 1265 532 1328 quidem
545 1280 617 1327 genus
628 1266 771 1314 divinationis

105 1329 152 1376 vita
165 1330 216 1389 jorn
233 1329 361 1376 communis
378 1329 482 1392 explosit.
510 1329 568 1374 Fani
585 1329 731 1391 pulchritudo
748 1339 770 1378 et

104 1401 212 1452 vetustas
230 1393 421 1440 Praenestinarum
432 1393 501 1439 etiam
511 1406 573 1438 nunc
583 1393 664 1439 retinet
674 1393 770 1441 sortium

103 1470 197 1515 nomen,
213 1465 282 1521 atque
293 1456 317 1503 id
327 1456 351 1503 in
362 1457 451 1519 vulgus.
472 1455 532 1514 Quis
543 1455 604 1502 enim
614 1455 768 1517 magistratus,

91 1551 93 1556 ·
104 1529 144 1568 aut
154 1521 207 1584 quia
218 1521 253 1570 vir'
262 1521 379 1580 illustrior,
396 1521 469 1568 utitur
480 1520 595 1567 sortibus?
613 1519 706 1567 Ceteris
717 1535 769 1568 vero

103 1584 128 1631 in
145 1585 201 1632 locis
215 1592 285 1632 sortes
298 1585 366 1647 plane
379 1585 530 1632 refrixerunt:
547 1583 610 1646 quod
627 1584 769 1632 Carneadem

103 1648 261 1696 Clitomachus
271 1649 348 1695 scribit
358 1649 431 1695 dicere
441 1648 542 1706 solitum,
558 1663 673 1710 nusquam
688 1663 712 1695 se
722 1648 768 1696 sor-

102 1712 249 1770 tunatiorem,
259 1727 329 1773 quam
338 1713 460 1769 Praeneste,
468 1711 549 1758 vidisse
557 1711 767 1775 Fortunamilrgo

101 1777 145 1824 hoc
156 1775 300 1822 divinationis
311 1789 383 1836 genus
393 1775 532 1822 omittamus.

134 1839 219 1887 XLII.
236 1838 278 1885 nd
295 1839 456 1886 Chaldaeorum
472 1847 573 1886 monstra
589 1839 720 1902 sepiamus:
738 1839 768 1888 de

101 1904 188 1968 quibus
206 1901 328 1960 Eudoxus,
345 1902 448 1950 Platonis
466 1903 564 1960 auditor,
584 1903 619 1955 (in
637 1903 766 1966 astrologii,

101 1967 188 2028 iudicio
198 1965 379 2014 doctissimorum
389 1967 518 2022 hominum,
530 1966 596 2014 facile
622 1966 719 2030 rinceps)
735 1967 768 2015 sic

102 2031 218 2095 opinatur,
235 2030 260 2077 id
279 2030 341 2094 quod
358 2030 467 2092 scriptum
485 2030 584 2092 reliquit,
602 1983 724 2088 drinonis,
740 2031 765 2078 in

102 2095 249 2158 predictione
263 2094 324 2140 etin
338 2093 453 2140 notatione
467 2094 578 2156 cujusque
591 2093 644 2140 viter
656 2109 684 2140 ex
696 2093 767 2140 natali

102 2159 147 2218 dic,
158 2158 256 2204 minime
265 2171 313 2204 esee
323 2157 466 2205 credendum.
484 2157 596 2204 Nominat
606 2157 675 2204 etiam
684 2157 766 2204 Panoe·

102 2223 156 2296 tine,
173 2222 216 2284 qui
229 2235 289 2268 unns
303 2237 315 2268 e
329 2221 411 2269 Stoicis
427 2221 591 2283 asnubgorum
607 2220 714 2282 predicta
731 2236 766 2267 re·

104 2414 205 2474 partibus
224 2427 253 2459 ex
296 2420 366 2471 erent,
406 2427 433 2460 oc
451 2412 602 2476 predictionis
620 2426 701 2473 genere
718 2425 765 2458 non

104 2483 162 2524 usos.
179 2477 263 2540 Scylax
275 2477 468 2534 Halicamassem,
479 2476 598 2523 familiaris
608 2474 714 2531 Panaetii,
726 2489 766 2520 ex·
817 2515 823 2536 2

106 2540 217 2588 emensio
225 2541 354 2604 analogii,
365 2541 472 2603 idemque
482 2539 506 2588 in
517 2539 615 2602 regendi
626 2538 668 2586 sui
678 2537 767 2584 civitate

107 2604 215 2668 piuocps,
231 2613 306 2652 totum
321 2605 364 2652 lroc
378 2604 532 2654 uhudsioum
545 2601 683 2666 praedioendi
695 2613 768 2661 genus

139 2669 250 2729 (Pistor.)
261 2683 324 2717 von.
336 2683 374 2717 iv.
563 2680 574 2712 1
