1864 2958
122 88 172 144 ato
210 87 257 136 Du
274 86 431 154 osricus,
448 86 571 165 urant
586 87 706 152 (lar-153

122 213 180 267 dum
191 215 252 262 enim
262 215 392 280 Aquillius,
402 217 490 280 collega
498 215 648 268 etfmriliaris
655 230 734 276 meus,
743 229 808 278 pm?

122 279 206 326 tulerat
216 279 245 326 de
255 279 308 327 dolo
318 281 381 328 malo
391 280 516 329 formulas:
534 281 558 326 in
569 279 654 343 quibus
668 279 727 342 ipsis
740 295 805 338 cum

122 357 152 389 ex
163 357 189 389 eo
200 353 346 406 quareretur,
359 345 424 404 Quid
439 353 496 394 esset
510 344 576 392 dolus
589 343 681 400 malua;
698 359 805 406 respon,-

83 413 87 420 '
122 403 198 465 debat,
219 407 281 455 Cum
300 417 357 456 esset
375 410 439 458 aliud
458 409 602 468 simulatum,
621 402 686 454 aliud
706 417 802 456 aetum.

123 467 178 520 Hoc
192 472 287 534 quidem
301 488 355 521 sane
368 474 503 533 luculenter,
520 481 547 520 ut
563 475 592 519 ab
608 471 703 519 homine
718 471 803 534 perito

121 533 253 582 definiendi.
271 537 334 600 Ergo
345 546 368 586 ct
379 537 485 601 Pythius,
497 545 520 584 et
530 551 609 586 omnes
617 535 682 583 aliud
689 544 801 598 agentes,

122 597 187 646 aliud
204 601 455 666 simulantes,'perfidi,
474 601 581 664 improbi,
601 600 711 647 malitiosi
730 608 800 648 sunt.

122 661 226 712 Nullum
237 665 307 730 igitur
317 665 404 715 factum
417 681 496 716 eorum
510 673 584 728 potest
597 664 654 712 utile
668 679 726 725 esse,
738 678 799 712 cum

123 726 153 774 sit
164 736 198 776 tot
208 729 269 778 vitiis
279 731 433 794 inquinatum.

156 791 213 841 XV.
240 793 311 853 Quod
327 795 346 842 si
361 795 498 858 Aquilliana
513 793 614 842 definitio
631 809 684 842 vera
699 801 744 852 eat,
764 808 799 840 ex

122 856 187 904 omni
206 856 253 904 vict
275 859 389 906 simulatio
410 859 606 922 dissimulatioque
626 857 730 904 tollenda
751 867 797 905 est.

124 917 162 968 Ita
173 935 222 977 nec,
234 929 261 968 ut
276 931 336 970 curat
351 923 441 980 melius,
453 938 503 982 nec,
520 931 546 969 ut
561 922 651 979 vendat,
663 921 798 984 quidquam

123 981 241 1031 simulabit
250 994 291 1032 aut
301 985 454 1034 dissimulabit
464 988 498 1036 uir
508 989 589 1034 bonus.
606 986 688 1050 Atque
698 986 742 1032 iste
751 985 798 1032 do·

123 1045 161 1108 lus
176 1047 252 1095 malus
268 1050 337 1096 etiam
352 1051 442 1113 legibus
457 1059 505 1098 erat
524 1051 659 1109 vindicatus,
675 1057 703 1096 ut
720 1051 797 1098 tutela

124 1109 178 1160 XII
197 1113 290 1172 tabulis,
308 1122 331 1162 et
349 1114 527 1190 circumscriptio
546 1113 723 1162 adolescentium
742 1114 797 1176 lege

125 1173 241 1233 Iraetorib3
258 1185 289 1238 et,
304 1178 352 1227 sine
366 1180 424 1242 lege,
438 1179 538 1241 judiciis,
552 1179 577 1226 in
592 1179 676 1242 quibus
691 1177 795 1238 additur,

124 1240 144 1298 ξι
156 1254 185 1286 ex
204 1241 250 1288 fide
268 1241 353 1290 boni?
382 1245 536 1308 Reliquorum
554 1252 633 1290 autem
651 1241 793 1304 judiciorum

123 1301 173 1352 haec
184 1306 253 1354 verba
263 1309 365 1356 maxime
375 1309 505 1365 excelluntt
520 1309 544 1356 in
551 1308 644 1356 arbitrio
653 1306 685 1355 rei
695 1306 791 1367 uxoriae,

124 1369 142 1395 “
150 1369 241 1428 melius,
254 1373 341 1436 aquius
349 1374 374 1421 t''
387 1373 412 1420 in
423 1373 515 1432 fiduciis,
529 1377 545 1402 “
553 1381 580 1419 ut
587 1371 647 1419 inter
654 1371 726 1418 bonos
733 1371 793 1419 bene

123 1433 209 1496 agier.''
217 1435 283 1493 Quid
289 1437 476 1500 ergoiautineo,
500 1435 791 1498 uod“melius‚aequius,”

121 1505 197 1559 potest
212 1501 260 1548 ulla
275 1517 328 1563 pars
344 1503 416 1550 inesse
432 1455 538 1550 fraudis?
557 1509 606 1560 aut,
622 1515 676 1548 cum
697 1499 788 1558 dicitur,

124 1563 142 1588 “
150 1561 210 1609 inter
221 1565 291 1611 bonos
302 1567 360 1613 bene
369 1566 457 1628 agier,”
468 1566 596 1630 quidquam
611 1565 649 1627 agi
663 1563 739 1611 dolose
750 1572 789 1611 aut

122 1623 235 1673 malitiose
247 1631 340 1688 potest?
363 1628 439 1677 Dolus
454 1638 532 1677 autem
546 1629 621 1677 malus
635 1627 786 1687 simulatione,

122 1695 149 1736 ut
165 1689 197 1735 ait
211 1689 340 1752 Aquillius,
356 1693 490 1742 continetur.
516 1694 658 1742 Tollendum
672 1700 706 1740 est
720 1691 787 1755 igitur

121 1765 150 1798 ex
161 1754 228 1799 rebus
239 1755 398 1804 contrahendis
411 1772 480 1805 omne
494 1758 648 1806 mendacium.
672 1757 728 1804 Non
740 1755 787 1804 lici-

121 1821 217 1862 tatorem
228 1818 339 1877 venditor,
352 1835 402 1878 nec,
414 1821 455 1884 qui
470 1831 548 1870 contra
563 1837 586 1869 se
599 1821 701 1881 lineatur,
717 1829 787 1870 emtor

120 1887 236 1940 apponet:
258 1889 363 1946 uterque,
381 1885 400 1932 si
416 1885 445 1932 ad
461 1885 616 1949 eloquendum
632 1885 726 1943 venerit,
742 1898 786 1932 nort

121 1941 183 2007 plus,
195 1960 266 2008 quam
277 1949 356 2008 semel,
368 1949 493 2012 eloquetur.
511 1951 614 2010 Quintus
623 1949 718 2012 quidem
729 1949 786 1996 Scu-

122 2007 182 2066 vola,
200 2009 228 2057 P.
238 2010 265 2058 F.
283 2027 336 2060 cum
352 2015 495 2076 postulisset,
512 2023 539 2062 ut
553 2015 597 2062 sibi
611 2013 705 2073 fundus,
723 2013 785 2073 cujus

122 2081 196 2120 emtor
206 2083 262 2132 erat,
274 2078 345 2125 semel
354 2078 499 2139 indicaretur,
511 2079 582 2142 idque
591 2077 695 2126 venditor
709 2077 741 2124 ita
753 2077 785 2124 fc-

123 2135 205 2195 ⁰l⁸⁸0t3
229 2139 295 2198 dixit,
313 2157 337 2190 se
352 2143 425 2206 pluris
441 2143 568 2190 estimare:
592 2141 679 2190 addidit
696 2149 784 2197 centum

122 2201 203 2248 millia.
227 2204 305 2253 Nemo
319 2214 360 2266 est,
376 2207 416 2270 qui
430 2207 474 2255 hoc
490 2207 544 2255 boni
560 2207 603 2255 viri
618 2206 689 2256 fuisse
704 2213 781 2268 neget3

121 2264 237 2326 sapientis,
254 2279 355 2332 negant;
373 2279 408 2330 ut,
425 2271 445 2318 si
463 2271 565 2330 minoris,
581 2285 653 2344 quam
667 2269 780 2332 potuisset,

121 2326 264 2378 vendidisset
285 2333 344 2382 Haeo
354 2334 424 2396 igitur
434 2344 468 2381 est
478 2335 519 2381 illa
528 2335 646 2397 permcies,
658 2333 721 2397 quod
731 2332 782 2382 alios

120 2388 201 2447 b⁰1¹⁰fls
216 2393 273 2440 alios
287 2398 407 2459 sapientes,
419 2399 563 2446 existimant:
582 2414 610 2446 ex
624 2413 671 2460 quo
685 2396 780 2455 Ennius,

121 2454 307 2518 “nequidquam
321 2476 399 2524 sapere
412 2463 546 2524 sapientem,
560 2462 601 2524 qui
614 2461 658 2508 sibi
671 2461 720 2522 ipse
733 2475 781 2522 pro·

119 2511 184 2562 desse
197 2533 244 2566 non
259 2522 359 2584 quiret.”
383 2524 444 2573 Vere
458 2525 481 2572 id
495 2526 598 2590 quidem,
614 2525 642 2586 si,
658 2524 716 2588 quid
729 2531 781 2574 essct

118 2577 274 2645 “imitus''
282 2586 401 2646 mihicum
407 2587 486 2640 Ennio
492 2589 632 2648 murcuiret,
643 2588 779 2644 Hecamutut
