1862 2964
238 175 286 230 DE
302 180 460 242 oremus,
477 182 538 230 1:113.
551 183 573 232 Ι.
590 183 654 232 One.
665 185 706 234 24·
755 185 805 240 22?

137 321 184 358 non
197 309 326 372 perturbari
340 311 365 358 itt
379 312 447 359 rebus
461 311 554 376 asperis,
569 325 612 362 nec
625 285 807 362 urmnltuentenl
864 286 867 296 s

137 372 169 421 de
177 373 250 436 gradu
261 374 337 435 dejici,
353 383 381 422 ut
391 374 489 432 dieitur3
506 377 546 423 sed
555 377 671 440 presentis
684 377 756 426 unhni
770 378 807 426 uti

137 437 241 496 oonsilio,
258 453 300 486 nec
317 454 331 485 a
347 438 435 486 ratione
451 439 570 487 discedere.
598 441 748 504 Quernqusm
763 443 807 490 hoe

137 502 220 561 enimi,
229 502 288 549 illud
299 502 368 550 etium
378 503 464 564 ingenii
471 504 551 566 magri
562 511 603 562 est,
614 505 735 568 precipere
746 507 807 568 cogi..

137 567 225 614 tatione
243 567 330 626 ἢιωιιι,
346 576 369 615 et
386 567 504 630 aliquanto
521 575 574 614 sote
591 569 733 627 constituere,
750 569 808 633 quid

138 631 240 678 accidere
253 631 326 694 possit
335 631 360 678 in
370 640 494 695 utramque
503 637 607 694 parterm
625 639 655 689 et,
671 632 728 694 quid
738 648 809 694 agen·-

138 694 197 741 dum
206 695 243 753 sit,
255 695 308 742 oiim
320 695 376 758 quid
387 695 501 752 evenerit;
519 709 561 742 nec
571 696 720 754 omittere,
729 705 757 744 nt
766 696 809 744 uli-

138 759 233 822 quendo
243 759 366 807 dicendum
376 760 413 818 sit,
432 761 450 788 “
461 759 517 807 Non
527 760 660 822 putarem?
685 761 744 808 Haec
755 769 810 808 sunt

136 839 209 886 opera
218 823 298 886 magni
309 824 381 872 enimi
396 831 419 871 et
433 825 523 883 excelsi,
540 832 563 871 et
572 824 695 888 prudentii
705 825 810 873 oonsilio·

137 903 186 952 que
196 886 294 935 fidentis.
311 887 410 936 Temere
419 896 497 936 eutem
507 889 533 935 in
543 889 591 936 acie
600 889 692 948 vasari,
704 897 727 937 et
737 903 809 938 manu

138 967 194 1000 cum
205 952 270 1000 hoste
277 952 405 1016 confligere,
416 953 519 1000 iutmene
524 952 635 1016 quiddam
646 963 669 1002 et
678 955 809 1002 belluarum

138 1015 215 1064 simile
225 1024 266 1063 est.
293 1017 347 1076 Sed,
359 1031 412 1064 cum
422 1025 514 1080 tempus
524 1017 688 1082 necessitasque
697 1017 808 1082 postulat,

137 1081 303 1128 decertandum
312 1095 384 1128 manu
393 1089 434 1142 est,
446 1089 469 1130 et
479 1096 541 1129 mors
549 1082 652 1130 servimti
660 1081 809 1146 turpitudini-

137 1161 185 1210 que
195 1144 360 1208 anteponende.
801 1165 803 1168 ·

171 1209 270 1257 XXIV.
286 1209 325 1256 De
335 1208 460 1257 evertendis
470 1217 548 1256 nutem
559 1209 737 1274 diripiendisque
743 1209 808 1259 urbi·

138 1275 193 1332 bus,
210 1273 276 1321 valde
291 1272 480 1321 considerandum
495 1281 537 1333 est,
554 1287 584 1320 ne
598 1274 655 1336 quid
668 1283 761 1333 temere,
777 1289 810 1322 ne

138 1337 198 1402 quid
209 1337 335 1386 crudeliter.
353 1335 429 1400 Ithue
439 1345 473 1384 est
482 1336 526 1384 viri
536 1337 624 1399 magni,
632 1338 700 1385 rebus
707 1337 809 1400 agitatis,

137 1403 222 1466 punire
232 1410 315 1460 sontes,
323 1401 497 1448 multitudinem
508 1414 647 1460 conservare,
658 1401 683 1447 in
691 1402 755 1448 omni
762 1401 810 1448 for-

137 1467 198 1514 tune
210 1473 271 1514 recte
287 1479 357 1529 atque
373 1465 470 1512 honeste
486 1465 589 1512 retinere.
616 1464 651 1512 Ut
666 1464 728 1512 enim
745 1471 808 1524 sunt,

138 1529 347 1594 (quemadmodum
362 1545 431 1593 supro
445 1529 505 1588 dixi)
518 1529 559 1593 qui
571 1529 664 1577 urbanis
677 1530 746 1576 rebus
759 1529 809 1576 bel·

136 1595 194 1642 Eous
207 1602 361 1657 anteponent3
373 1595 405 1642 sic
414 1594 511 1658 reperies
520 1593 614 1652 multos,
626 1594 710 1657 quibus
720 1593 811 1657 pericu

138 1659 189 1707 lose
203 1668 227 1707 et
240 1659 314 1707 calide
324 1657 424 1719 consilis,
436 1658 519 1722 quietis
529 1667 552 1706 et
562 1657 665 1723 cogitetis
675 1665 699 1708 et
709 1657 809 1722 splendi-

138 1723 205 1773 diore
215 1732 238 1772 et
247 1725 336 1785 majore
345 1722 471 1771 videantur.

173 1789 304 1851 Nunquam
318 1787 420 1846 omnino,
435 1786 530 1850 periculi
540 1785 605 1851 fugi,
617 1787 809 1836 committendum

138 1861 182 1914 est,
194 1861 222 1900 ut
231 1851 335 1900 imbelles
344 1851 465 1915 timidique
475 1851 608 1901 videamur:
625 1851 809 1915 sedfirgiendum

138 1919 211 1966 etism
225 1916 293 1977 illud,
310 1931 340 1964 ne
353 1915 475 1963 offeremus
489 1931 530 1963 nos
540 1917 646 1979 periculis
660 1917 709 1964 sine
724 1915 808 1963 cousi:

157 1998 188 2030 uo
196 1981 255 2029 nihil
264 1988 339 2044 potest
348 1995 396 2028 esse
406 1979 505 2026 stultius.
522 1979 676 2054 Quapropter,
687 1978 712 2027 in
722 1980 809 2026 adeun-

138 1999 289 2109 dispericulis
299 2043 439 2092 consuetudo
446 2043 557 2090 imitende
564 2043 703 2092 medicorum
713 2051 755 2102 est,
766 2043 813 2108 qui⁸

139 2111 221 2158 leviter
231 2117 365 2172 egrotantes
376 2107 458 2155 leniter
472 2113 561 2167 comt,
575 2107 716 2169 gravioribus
730 2115 808 2153 eutem

139 2174 228 2224 morbis
242 2173 379 2236 periculosas
395 2170 522 2220 curationes
540 2178 563 2218 et
577 2169 685 2234 ancipites
701 2169 809 2218 adhibere

139 2245 262 2302 oogimtur.
287 2237 375 2297 Quare,
391 2235 416 2283 in
427 2233 551 2300 tranquillo
561 2242 719 2297 tempestatem
729 2233 810 2282 edver-

138 2317 192 2352 sem
202 2311 289 2366 optare,
306 2300 418 2349 (lenientis
428 2308 476 2357 ειη
493 2298 612 2348 subvenire
622 2305 700 2345 suum
710 2306 809 2361 tenpes-

139 2368 185 2416 tcti
199 2367 280 2431 quivis
290 2366 384 2424 ratione,
401 2362 523 2428 sapientisg
540 2376 612 2426 eoque
625 2361 707 2424 magis,
724 2362 743 2409 si
755 2363 809 2425 plue

139 2431 275 2496 adipiscere,
298 2445 323 2476 re
341 2428 462 2492 explicati,
483 2427 546 2488 boni,
566 2441 645 2491 quum,
665 2425 808 2486 addubime,

140 2495 206 2544 muli.
230 2493 367 2543 Periutlosae
382 2501 461 2541 nutem
474 2507 552 2541 rerum
568 2491 666 2538 actiones
682 2491 766 2554 purtim
780 2490 810 2536 iis

142 2568 197 2608 sum
207 2559 249 2622 qui
259 2573 297 2606 eos
304 2554 439 2622 suscipiunt,
501 2557 507 2568 '
541 2554 678 2619 reipublice,
700 2555 811 2616 'Itemque

77 2677 82 2690 ι
141 2621 378 2683 deusdedem
438 2622 445 2633 '
480 2615 809 2679 euneolsnutdviumm
