<?xml version="1.0" encoding="UTF-8"?>
<!DOCTYPE html PUBLIC "-//W3C//DTD XHTML 1.0 Transitional//EN"
    "http://www.w3.org/TR/xhtml1/DTD/xhtml1-transitional.dtd">
<html xmlns="http://www.w3.org/1999/xhtml" xml:lang="en" lang="en">
 <head>
  <title>
</title>
<meta http-equiv="Content-Type" content="text/html;charset=utf-8" />
  <meta name='ocr-system' content='tesseract 3.04.00' />
  <meta name='ocr-capabilities' content='ocr_page ocr_carea ocr_par ocr_line ocrx_word'/>
</head>
<body>
  <div class='ocr_page' id='page_1' title='image "./operaexeditioni02cicegoog_0228.png"; bbox 0 0 1862 2964; ppageno 0'>
   <div class='ocr_carea' id='block_1_1' title="bbox 159 172 794 238">
    <p class='ocr_par' dir='ltr' id='par_1_1' title="bbox 159 172 794 238">
     <span class='ocr_line' id='line_1_1' title="bbox 159 172 794 238; baseline -0.003 -14"><span class='ocrx_word' id='word_1_1' title='bbox 159 231 160 238; x_wconf 10' lang='grc' dir='ltr'>ἵ</span> <span class='ocrx_word' id='word_1_2' title='bbox 239 173 287 224; x_wconf 78' lang='lat' dir='ltr'>DE</span> <span class='ocrx_word' id='word_1_3' title='bbox 303 172 460 234; x_wconf 69' lang='lat' dir='ltr'>omens,</span> <span class='ocrx_word' id='word_1_4' title='bbox 468 173 529 222; x_wconf 69' lang='lat'>111³.</span> <span class='ocrx_word' id='word_1_5' title='bbox 538 172 560 222; x_wconf 87' lang='lat'>1.</span> <span class='ocrx_word' id='word_1_6' title='bbox 568 173 631 222; x_wconf 68' lang='lat' dir='ltr'>Otr.</span> <span class='ocrx_word' id='word_1_7' title='bbox 642 175 679 222; x_wconf 78' lang='lat' dir='ltr'>lt.</span> <span class='ocrx_word' id='word_1_8' title='bbox 746 175 794 238; x_wconf 78' lang='lat'>‚²¹⁷</span> 
     </span>
    </p>
   </div>
   <div class='ocr_carea' id='block_1_2' title="bbox 119 297 794 1904">
    <p class='ocr_par' dir='ltr' id='par_1_2' title="bbox 119 297 794 1198">
     <span class='ocr_line' id='line_1_2' title="bbox 119 297 794 367; baseline 0 -15"><span class='ocrx_word' id='word_1_9' title='bbox 119 320 123 326; x_wconf 88' lang='lat'><em>·</em></span> <span class='ocrx_word' id='word_1_10' title='bbox 159 301 208 352; x_wconf 86' lang='lat' dir='ltr'>XV</span> <span class='ocrx_word' id='word_1_11' title='bbox 209 302 230 350; x_wconf 87' lang='lat'>1.</span> <span class='ocrx_word' id='word_1_12' title='bbox 248 297 344 367; x_wconf 81' lang='lat' dir='ltr'>Optime</span> <span class='ocrx_word' id='word_1_13' title='bbox 354 312 432 350; x_wconf 85' lang='lat' dir='ltr'>autem</span> <span class='ocrx_word' id='word_1_14' title='bbox 447 303 539 350; x_wconf 75' lang='lat' dir='ltr'>societas</span> <span class='ocrx_word' id='word_1_15' title='bbox 553 303 674 352; x_wconf 84' lang='lat' dir='ltr'>bominum</span> <span class='ocrx_word' id='word_1_16' title='bbox 685 304 794 366; x_wconf 79' lang='lat' dir='ltr'>subjunc-</span> 
     </span>
     <span class='ocr_line' id='line_1_3' title="bbox 125 365 794 430; baseline 0.001 -16"><span class='ocrx_word' id='word_1_17' title='bbox 125 365 205 430; x_wconf 82' lang='lat' dir='ltr'>tioque</span> <span class='ocrx_word' id='word_1_18' title='bbox 222 369 356 425; x_wconf 82' lang='lat' dir='ltr'>servabitur,</span> <span class='ocrx_word' id='word_1_19' title='bbox 375 367 403 427; x_wconf 87' lang='lat' dir='ltr'>si,</span> <span class='ocrx_word' id='word_1_20' title='bbox 420 374 448 414; x_wconf 85' lang='lat' dir='ltr'>ut</span> <span class='ocrx_word' id='word_1_21' title='bbox 464 366 561 430; x_wconf 89' lang='lat' dir='ltr'>quisque</span> <span class='ocrx_word' id='word_1_22' title='bbox 578 367 621 414; x_wconf 82' lang='lat' dir='ltr'>erit</span> <span class='ocrx_word' id='word_1_23' title='bbox 637 368 794 428; x_wconf 79' lang='lat' dir='ltr'>conjunctissi-</span> 
     </span>
     <span class='ocr_line' id='line_1_4' title="bbox 123 431 792 494; baseline 0.001 -17"><span class='ocrx_word' id='word_1_24' title='bbox 123 445 186 490; x_wconf 87' lang='lat' dir='ltr'>mus,</span> <span class='ocrx_word' id='word_1_25' title='bbox 202 432 235 478; x_wconf 88' lang='lat' dir='ltr'>ita</span> <span class='ocrx_word' id='word_1_26' title='bbox 249 433 273 478; x_wconf 93' lang='lat' dir='ltr'>iu</span> <span class='ocrx_word' id='word_1_27' title='bbox 286 447 340 479; x_wconf 82' lang='lat' dir='ltr'>euin</span> <span class='ocrx_word' id='word_1_28' title='bbox 354 431 501 492; x_wconf 76' lang='lat' dir='ltr'>benignitatis</span> <span class='ocrx_word' id='word_1_29' title='bbox 517 431 642 494; x_wconf 88' lang='lat' dir='ltr'>plurimum</span> <span class='ocrx_word' id='word_1_30' title='bbox 659 432 792 480; x_wconf 65' lang='lat' dir='ltr'>consuetur.</span> 
     </span>
     <span class='ocr_line' id='line_1_5' title="bbox 125 494 794 558; baseline 0.001 -16"><span class='ocrx_word' id='word_1_31' title='bbox 125 496 247 558; x_wconf 56' lang='grc' dir='ltr'>θεὼ-φη</span> <span class='ocrx_word' id='word_1_32' title='bbox 257 495 340 542; x_wconf 71' lang='lat' dir='ltr'>naturi</span> <span class='ocrx_word' id='word_1_33' title='bbox 354 495 465 558; x_wconf 84' lang='lat' dir='ltr'>principia</span> <span class='ocrx_word' id='word_1_34' title='bbox 479 495 525 542; x_wconf 83' lang='lat' dir='ltr'>sint</span> <span class='ocrx_word' id='word_1_35' title='bbox 539 494 707 542; x_wconf 65' lang='lat' dir='ltr'>communitatis</span> <span class='ocrx_word' id='word_1_36' title='bbox 721 505 744 542; x_wconf 88' lang='lat' dir='ltr'>et</span> <span class='ocrx_word' id='word_1_37' title='bbox 758 512 794 543; x_wconf 89' lang='lat' dir='ltr'>so·</span> 
     </span>
     <span class='ocr_line' id='line_1_6' title="bbox 125 559 794 622; baseline 0.003 -16"><span class='ocrx_word' id='word_1_38' title='bbox 125 559 214 607; x_wconf 79' lang='lat' dir='ltr'>cietatis</span> <span class='ocrx_word' id='word_1_39' title='bbox 233 559 350 618; x_wconf 73' lang='lat' dir='ltr'>humanm,</span> <span class='ocrx_word' id='word_1_40' title='bbox 370 559 519 622; x_wconf 87' lang='lat' dir='ltr'>repetendum</span> <span class='ocrx_word' id='word_1_41' title='bbox 541 559 609 606; x_wconf 79' lang='lat' dir='ltr'>altius</span> <span class='ocrx_word' id='word_1_42' title='bbox 627 559 722 606; x_wconf 82' lang='lat' dir='ltr'>videtur.</span> <span class='ocrx_word' id='word_1_43' title='bbox 749 561 794 608; x_wconf 86' lang='lat' dir='ltr'>Est</span> 
     </span>
     <span class='ocr_line' id='line_1_7' title="bbox 124 621 793 688; baseline 0 -18"><span class='ocrx_word' id='word_1_44' title='bbox 124 623 187 670; x_wconf 81' lang='lat' dir='ltr'>enini</span> <span class='ocrx_word' id='word_1_45' title='bbox 206 624 318 688; x_wconf 73' lang='lat' dir='ltr'>pinnum,</span> <span class='ocrx_word' id='word_1_46' title='bbox 338 623 401 686; x_wconf 87' lang='lat' dir='ltr'>quod</span> <span class='ocrx_word' id='word_1_47' title='bbox 422 621 522 671; x_wconf 77' lang='lat' dir='ltr'>cernitur</span> <span class='ocrx_word' id='word_1_48' title='bbox 542 621 567 669; x_wconf 91' lang='lat' dir='ltr'>in</span> <span class='ocrx_word' id='word_1_49' title='bbox 586 622 684 670; x_wconf 87' lang='lat' dir='ltr'>universi</span> <span class='ocrx_word' id='word_1_50' title='bbox 705 625 793 686; x_wconf 80' lang='lat' dir='ltr'>generis</span> 
     </span>
     <span class='ocr_line' id='line_1_8' title="bbox 124 685 793 748; baseline 0 -14"><span class='ocrx_word' id='word_1_51' title='bbox 124 687 223 734; x_wconf 74' lang='lat' dir='ltr'>humani</span> <span class='ocrx_word' id='word_1_52' title='bbox 240 687 358 734; x_wconf 78' lang='lat' dir='ltr'>societate:</span> <span class='ocrx_word' id='word_1_53' title='bbox 376 689 426 748; x_wconf 86' lang='lat' dir='ltr'>ejus</span> <span class='ocrx_word' id='word_1_54' title='bbox 436 693 514 734; x_wconf 75' lang='lat' dir='ltr'>autem</span> <span class='ocrx_word' id='word_1_55' title='bbox 525 685 643 733; x_wconf 85' lang='lat' dir='ltr'>vinculum</span> <span class='ocrx_word' id='word_1_56' title='bbox 654 695 688 733; x_wconf 88' lang='lat' dir='ltr'>est</span> <span class='ocrx_word' id='word_1_57' title='bbox 702 688 760 734; x_wconf 86' lang='lat' dir='ltr'>ratio</span> <span class='ocrx_word' id='word_1_58' title='bbox 770 697 793 734; x_wconf 91' lang='lat' dir='ltr'>et</span> 
     </span>
     <span class='ocr_line' id='line_1_9' title="bbox 126 750 792 809; baseline 0 -11"><span class='ocrx_word' id='word_1_59' title='bbox 126 751 214 807; x_wconf 76' lang='lat' dir='ltr'>orati03</span> <span class='ocrx_word' id='word_1_60' title='bbox 259 767 304 809; x_wconf 78' lang='lat' dir='ltr'>uae,</span> <span class='ocrx_word' id='word_1_61' title='bbox 326 751 436 809; x_wconf 72' lang='lat' dir='ltr'>debendo,</span> <span class='ocrx_word' id='word_1_62' title='bbox 458 750 572 807; x_wconf 74' lang='lat' dir='ltr'>dissentio,</span> <span class='ocrx_word' id='word_1_63' title='bbox 595 750 792 808; x_wconf 80' lang='lat' dir='ltr'>eommunieando‚</span> 
     </span>
     <span class='ocr_line' id='line_1_10' title="bbox 126 768 794 878; baseline 0 -16"><span class='ocrx_word' id='word_1_64' title='bbox 126 768 283 878; x_wconf 59' lang='lat' dir='ltr'>disceptanin</span> <span class='ocrx_word' id='word_1_65' title='bbox 300 815 433 876; x_wconf 85' lang='lat' dir='ltr'>judicando,</span> <span class='ocrx_word' id='word_1_66' title='bbox 447 815 551 862; x_wconf 73' lang='lat' dir='ltr'>0011th</span> <span class='ocrx_word' id='word_1_67' title='bbox 567 814 627 862; x_wconf 85' lang='lat' dir='ltr'>inter</span> <span class='ocrx_word' id='word_1_68' title='bbox 641 829 665 860; x_wconf 87' lang='lat' dir='ltr'>se</span> <span class='ocrx_word' id='word_1_69' title='bbox 681 815 794 872; x_wconf 87' lang='lat' dir='ltr'>homines,</span> 
     </span>
     <span class='ocr_line' id='line_1_11' title="bbox 127 877 794 942; baseline 0 -16"><span class='ocrx_word' id='word_1_70' title='bbox 127 879 293 942; x_wconf 85' lang='lat' dir='ltr'>eonjungitque</span> <span class='ocrx_word' id='word_1_71' title='bbox 303 879 402 926; x_wconf 82' lang='lat' dir='ltr'>naturali</span> <span class='ocrx_word' id='word_1_72' title='bbox 410 878 510 942; x_wconf 76' lang='lat' dir='ltr'>quidam</span> <span class='ocrx_word' id='word_1_73' title='bbox 522 879 633 926; x_wconf 82' lang='lat' dir='ltr'>societate.</span> <span class='ocrx_word' id='word_1_74' title='bbox 650 878 735 942; x_wconf 82' lang='lat' dir='ltr'>Neque</span> <span class='ocrx_word' id='word_1_75' title='bbox 745 877 794 926; x_wconf 78' lang='lat' dir='ltr'>ulit</span> 
     </span>
     <span class='ocr_line' id='line_1_12' title="bbox 125 942 792 1007; baseline 0.001 -17"><span class='ocrx_word' id='word_1_76' title='bbox 125 958 151 990; x_wconf 88' lang='lat' dir='ltr'>re</span> <span class='ocrx_word' id='word_1_77' title='bbox 167 943 259 1005; x_wconf 88' lang='lat' dir='ltr'>longius</span> <span class='ocrx_word' id='word_1_78' title='bbox 276 945 385 990; x_wconf 84' lang='lat' dir='ltr'>absumus</span> <span class='ocrx_word' id='word_1_79' title='bbox 402 959 417 990; x_wconf 81' lang='lat' dir='ltr'>a</span> <span class='ocrx_word' id='word_1_80' title='bbox 434 943 517 990; x_wconf 75' lang='lat' dir='ltr'>naturis</span> <span class='ocrx_word' id='word_1_81' title='bbox 534 944 644 1000; x_wconf 80' lang='lat' dir='ltr'>ferarum,</span> <span class='ocrx_word' id='word_1_82' title='bbox 662 942 688 990; x_wconf 91' lang='lat' dir='ltr'>in</span> <span class='ocrx_word' id='word_1_83' title='bbox 707 944 792 1007; x_wconf 85' lang='lat' dir='ltr'>quibus</span> 
     </span>
     <span class='ocr_line' id='line_1_13' title="bbox 124 1006 792 1072; baseline 0.006 -19"><span class='ocrx_word' id='word_1_84' title='bbox 124 1006 198 1054; x_wconf 85' lang='lat' dir='ltr'>inesse</span> <span class='ocrx_word' id='word_1_85' title='bbox 216 1006 372 1054; x_wconf 83' lang='lat' dir='ltr'>fortitudinem</span> <span class='ocrx_word' id='word_1_86' title='bbox 391 1023 451 1070; x_wconf 83' lang='lat' dir='ltr'>saepe</span> <span class='ocrx_word' id='word_1_87' title='bbox 467 1007 573 1066; x_wconf 83' lang='lat' dir='ltr'><strong>dicimus,</strong></span> <span class='ocrx_word' id='word_1_88' title='bbox 590 1007 659 1054; x_wconf 90' lang='lat' dir='ltr'>utin</span> <span class='ocrx_word' id='word_1_89' title='bbox 677 1008 749 1072; x_wconf 84' lang='lat' dir='ltr'>equis,</span> <span class='ocrx_word' id='word_1_90' title='bbox 766 1012 792 1058; x_wconf 88' lang='lat' dir='ltr'>in</span> 
     </span>
     <span class='ocr_line' id='line_1_14' title="bbox 124 1069 792 1134; baseline 0.007 -16"><span class='ocrx_word' id='word_1_91' title='bbox 124 1069 246 1127; x_wconf 74' lang='lat' dir='ltr'>leonibus3</span> <span class='ocrx_word' id='word_1_92' title='bbox 262 1071 383 1131; x_wconf 82' lang='lat' dir='ltr'>justitiam,</span> <span class='ocrx_word' id='word_1_93' title='bbox 395 1071 534 1134; x_wconf 76' lang='lat' dir='ltr'>equitatem,</span> <span class='ocrx_word' id='word_1_94' title='bbox 545 1072 679 1130; x_wconf 76' lang='lat' dir='ltr'>bonitatem,</span> <span class='ocrx_word' id='word_1_95' title='bbox 695 1087 741 1120; x_wconf 90' lang='lat' dir='ltr'>non</span> <span class='ocrx_word' id='word_1_96' title='bbox 756 1076 792 1123; x_wconf 88' lang='lat' dir='ltr'>di-</span> 
     </span>
     <span class='ocr_line' id='line_1_15' title="bbox 123 1135 782 1198; baseline 0.005 -17"><span class='ocrx_word' id='word_1_97' title='bbox 123 1135 203 1182; x_wconf 81' lang='lat' dir='ltr'>cimus.</span> <span class='ocrx_word' id='word_1_98' title='bbox 222 1135 282 1182; x_wconf 86' lang='lat' dir='ltr'>Sunt</span> <span class='ocrx_word' id='word_1_99' title='bbox 292 1135 353 1182; x_wconf 88' lang='lat' dir='ltr'>enim</span> <span class='ocrx_word' id='word_1_100' title='bbox 364 1135 457 1182; x_wconf 86' lang='lat' dir='ltr'>rationis</span> <span class='ocrx_word' id='word_1_101' title='bbox 467 1143 490 1182; x_wconf 89' lang='lat' dir='ltr'>et</span> <span class='ocrx_word' id='word_1_102' title='bbox 499 1136 606 1183; x_wconf 84' lang='lat' dir='ltr'>orationis</span> <span class='ocrx_word' id='word_1_103' title='bbox 617 1145 727 1198; x_wconf 86' lang='lat' dir='ltr'>expertes.</span> <span class='ocrx_word' id='word_1_104' title='bbox 779 1157 782 1163; x_wconf 46' lang='lat'><em>¹</em></span> 
     </span>
    </p>

    <p class='ocr_par' dir='ltr' id='par_1_3' title="bbox 123 1199 793 1904">
     <span class='ocr_line' id='line_1_16' title="bbox 156 1199 789 1264; baseline 0.008 -17"><span class='ocrx_word' id='word_1_105' title='bbox 156 1201 195 1247; x_wconf 83' lang='lat' dir='ltr'>Ac</span> <span class='ocrx_word' id='word_1_106' title='bbox 204 1199 313 1246; x_wconf 76' lang='lat' dir='ltr'>lauseime</span> <span class='ocrx_word' id='word_1_107' title='bbox 324 1199 417 1261; x_wconf 85' lang='lat' dir='ltr'>quidem</span> <span class='ocrx_word' id='word_1_108' title='bbox 428 1207 507 1262; x_wconf 82' lang='lat' dir='ltr'>patens</span> <span class='ocrx_word' id='word_1_109' title='bbox 514 1199 646 1246; x_wconf 88' lang='lat' dir='ltr'>hominibus</span> <span class='ocrx_word' id='word_1_110' title='bbox 654 1199 712 1248; x_wconf 83' lang='lat' dir='ltr'>inter</span> <span class='ocrx_word' id='word_1_111' title='bbox 720 1202 789 1264; x_wconf 85' lang='lat' dir='ltr'>ipsos,</span> 
     </span>
     <span class='ocr_line' id='line_1_17' title="bbox 123 1263 790 1327; baseline 0.006 -15"><span class='ocrx_word' id='word_1_112' title='bbox 123 1265 232 1312; x_wconf 85' lang='lat' dir='ltr'>otnnibus</span> <span class='ocrx_word' id='word_1_113' title='bbox 242 1263 301 1310; x_wconf 84' lang='lat' dir='ltr'>inter</span> <span class='ocrx_word' id='word_1_114' title='bbox 311 1277 398 1322; x_wconf 73' lang='lat' dir='ltr'>omnes,</span> <span class='ocrx_word' id='word_1_115' title='bbox 414 1263 506 1310; x_wconf 83' lang='lat' dir='ltr'>societas</span> <span class='ocrx_word' id='word_1_116' title='bbox 519 1263 568 1310; x_wconf 76' lang='lat' dir='ltr'>husu</span> <span class='ocrx_word' id='word_1_117' title='bbox 581 1271 629 1318; x_wconf 77' lang='lat' dir='ltr'>est3</span> <span class='ocrx_word' id='word_1_118' title='bbox 647 1263 671 1311; x_wconf 90' lang='lat' dir='ltr'>in</span> <span class='ocrx_word' id='word_1_119' title='bbox 682 1265 730 1327; x_wconf 76' lang='lat' dir='ltr'>quit</span> <span class='ocrx_word' id='word_1_120' title='bbox 740 1283 790 1316; x_wconf 84' lang='lat' dir='ltr'>ont-</span> 
     </span>
     <span class='ocr_line' id='line_1_18' title="bbox 126 1326 792 1390; baseline 0.008 -16"><span class='ocrx_word' id='word_1_121' title='bbox 126 1329 192 1375; x_wconf 88' lang='lat' dir='ltr'>nium</span> <span class='ocrx_word' id='word_1_122' title='bbox 210 1343 296 1386; x_wconf 83' lang='lat' dir='ltr'>rerum,</span> <span class='ocrx_word' id='word_1_123' title='bbox 315 1342 372 1390; x_wconf 80' lang='lat' dir='ltr'>quas</span> <span class='ocrx_word' id='word_1_124' title='bbox 386 1326 416 1372; x_wconf 84' lang='lat' dir='ltr'>nd</span> <span class='ocrx_word' id='word_1_125' title='bbox 430 1341 576 1373; x_wconf 87' lang='lat' dir='ltr'>communem</span> <span class='ocrx_word' id='word_1_126' title='bbox 589 1326 710 1374; x_wconf 88' lang='lat' dir='ltr'>huminum</span> <span class='ocrx_word' id='word_1_127' title='bbox 723 1345 792 1379; x_wconf 83' lang='lat' dir='ltr'>usum</span> 
     </span>
     <span class='ocr_line' id='line_1_19' title="bbox 125 1390 793 1457; baseline -0.003 -17"><span class='ocrx_word' id='word_1_128' title='bbox 125 1401 209 1440; x_wconf 76' lang='lat' dir='ltr'>natura</span> <span class='ocrx_word' id='word_1_129' title='bbox 223 1391 311 1454; x_wconf 87' lang='lat' dir='ltr'>genuit,</span> <span class='ocrx_word' id='word_1_130' title='bbox 327 1399 361 1438; x_wconf 78' lang='lat' dir='ltr'>est</span> <span class='ocrx_word' id='word_1_131' title='bbox 375 1390 485 1438; x_wconf 78' lang='lat' dir='ltr'>servanda</span> <span class='ocrx_word' id='word_1_132' title='bbox 501 1390 668 1446; x_wconf 52' lang='lat' dir='ltr'>communitam</span> <span class='ocrx_word' id='word_1_133' title='bbox 686 1400 721 1452; x_wconf 79' lang='lat' dir='ltr'>ut,</span> <span class='ocrx_word' id='word_1_134' title='bbox 740 1410 793 1457; x_wconf 65' lang='lat' dir='ltr'>qum</span> 
     </span>
     <span class='ocr_line' id='line_1_20' title="bbox 125 1453 792 1520; baseline -0.01 -15"><span class='ocrx_word' id='word_1_135' title='bbox 125 1457 238 1520; x_wconf 82' lang='lat' dir='ltr'>descripta</span> <span class='ocrx_word' id='word_1_136' title='bbox 252 1463 306 1503; x_wconf 89' lang='lat' dir='ltr'>sunt</span> <span class='ocrx_word' id='word_1_137' title='bbox 320 1455 410 1516; x_wconf 87' lang='lat' dir='ltr'>legibus</span> <span class='ocrx_word' id='word_1_138' title='bbox 421 1462 443 1500; x_wconf 91' lang='lat' dir='ltr'>et</span> <span class='ocrx_word' id='word_1_139' title='bbox 455 1455 507 1514; x_wconf 83' lang='lat' dir='ltr'>jure</span> <span class='ocrx_word' id='word_1_140' title='bbox 517 1453 586 1511; x_wconf 82' lang='lat' dir='ltr'>civili,</span> <span class='ocrx_word' id='word_1_141' title='bbox 597 1454 646 1500; x_wconf 87' lang='lat' dir='ltr'>haec</span> <span class='ocrx_word' id='word_1_142' title='bbox 657 1454 689 1501; x_wconf 78' lang='lat' dir='ltr'>ita</span> <span class='ocrx_word' id='word_1_143' title='bbox 699 1464 792 1504; x_wconf 81' lang='lat' dir='ltr'>tenean.</span> 
     </span>
     <span class='ocr_line' id='line_1_21' title="bbox 125 1514 792 1581; baseline 0.001 -13"><span class='ocrx_word' id='word_1_144' title='bbox 125 1530 172 1580; x_wconf 76' lang='lat' dir='ltr'>tur,</span> <span class='ocrx_word' id='word_1_145' title='bbox 179 1529 206 1567; x_wconf 92' lang='lat' dir='ltr'>ut</span> <span class='ocrx_word' id='word_1_146' title='bbox 217 1520 246 1568; x_wconf 88' lang='lat' dir='ltr'>sit</span> <span class='ocrx_word' id='word_1_147' title='bbox 257 1518 419 1566; x_wconf 87' lang='lat' dir='ltr'>constitutum:</span> <span class='ocrx_word' id='word_1_148' title='bbox 437 1533 450 1564; x_wconf 92' lang='lat' dir='ltr'>e</span> <span class='ocrx_word' id='word_1_149' title='bbox 461 1517 544 1581; x_wconf 89' lang='lat' dir='ltr'>quibus</span> <span class='ocrx_word' id='word_1_150' title='bbox 551 1514 606 1580; x_wconf 81' lang='lat' dir='ltr'>ipsis</span> <span class='ocrx_word' id='word_1_151' title='bbox 619 1526 699 1565; x_wconf 85' lang='lat' dir='ltr'>caetera</span> <span class='ocrx_word' id='word_1_152' title='bbox 709 1520 741 1568; x_wconf 87' lang='lat' dir='ltr'>sie</span> <span class='ocrx_word' id='word_1_153' title='bbox 751 1524 792 1569; x_wconf 91' lang='lat' dir='ltr'>ob·</span> 
     </span>
     <span class='ocr_line' id='line_1_22' title="bbox 125 1582 793 1644; baseline -0.003 -9"><span class='ocrx_word' id='word_1_154' title='bbox 125 1592 251 1643; x_wconf 78' lang='lat' dir='ltr'>serventur,</span> <span class='ocrx_word' id='word_1_155' title='bbox 262 1583 324 1630; x_wconf 88' lang='lat' dir='ltr'>utin</span> <span class='ocrx_word' id='word_1_156' title='bbox 336 1583 469 1630; x_wconf 82' lang='lat' dir='ltr'>Graeuomm</span> <span class='ocrx_word' id='word_1_157' title='bbox 478 1582 597 1644; x_wconf 78' lang='lat' dir='ltr'>proverbio</span> <span class='ocrx_word' id='word_1_158' title='bbox 608 1589 650 1642; x_wconf 88' lang='lat' dir='ltr'>est,</span> <span class='ocrx_word' id='word_1_159' title='bbox 668 1584 685 1610; x_wconf 74' lang='lat'>‘⁶</span> <span class='ocrx_word' id='word_1_160' title='bbox 696 1586 793 1634; x_wconf 85' lang='lat' dir='ltr'>Amino-</span> 
     </span>
     <span class='ocr_line' id='line_1_23' title="bbox 125 1645 792 1698; baseline -0.012 0"><span class='ocrx_word' id='word_1_161' title='bbox 125 1665 179 1698; x_wconf 84' lang='lat' dir='ltr'>rum</span> <span class='ocrx_word' id='word_1_162' title='bbox 197 1663 245 1696; x_wconf 88' lang='lat' dir='ltr'>esse</span> <span class='ocrx_word' id='word_1_163' title='bbox 262 1646 340 1694; x_wconf 88' lang='lat' dir='ltr'>omnia</span> <span class='ocrx_word' id='word_1_164' title='bbox 354 1645 510 1694; x_wconf 82' lang='lat' dir='ltr'>eommunia.”</span> <span class='ocrx_word' id='word_1_165' title='bbox 532 1645 620 1694; x_wconf 84' lang='lat' dir='ltr'>Omnia</span> <span class='ocrx_word' id='word_1_166' title='bbox 637 1653 714 1694; x_wconf 78' lang='lat' dir='ltr'>eutem</span> <span class='ocrx_word' id='word_1_167' title='bbox 729 1664 792 1698; x_wconf 84' lang='lat' dir='ltr'><strong>com.</strong></span> 
     </span>
     <span class='ocr_line' id='line_1_24' title="bbox 125 1710 790 1775; baseline -0.002 -13"><span class='ocrx_word' id='word_1_168' title='bbox 125 1713 206 1762; x_wconf 82' lang='lat' dir='ltr'>munia</span> <span class='ocrx_word' id='word_1_169' title='bbox 216 1711 338 1759; x_wconf 87' lang='lat' dir='ltr'>hominum</span> <span class='ocrx_word' id='word_1_170' title='bbox 348 1710 454 1758; x_wconf 88' lang='lat' dir='ltr'>videntur</span> <span class='ocrx_word' id='word_1_171' title='bbox 462 1725 497 1767; x_wconf 79' lang='lat' dir='ltr'>eu,</span> <span class='ocrx_word' id='word_1_172' title='bbox 506 1726 559 1773; x_wconf 77' lang='lat' dir='ltr'>quse</span> <span class='ocrx_word' id='word_1_173' title='bbox 569 1719 623 1758; x_wconf 89' lang='lat' dir='ltr'>sunt</span> <span class='ocrx_word' id='word_1_174' title='bbox 633 1711 721 1773; x_wconf 80' lang='lat' dir='ltr'>genesis</span> <span class='ocrx_word' id='word_1_175' title='bbox 732 1716 790 1775; x_wconf 85' lang='lat' dir='ltr'>ejus,</span> 
     </span>
     <span class='ocr_line' id='line_1_25' title="bbox 125 1773 790 1840; baseline 0.002 -15"><span class='ocrx_word' id='word_1_176' title='bbox 125 1777 196 1840; x_wconf 86' lang='lat' dir='ltr'>qnod,</span> <span class='ocrx_word' id='word_1_177' title='bbox 216 1778 245 1823; x_wconf 81' lang='lat' dir='ltr'>eb</span> <span class='ocrx_word' id='word_1_178' title='bbox 264 1775 342 1822; x_wconf 82' lang='lat' dir='ltr'>Ennio</span> <span class='ocrx_word' id='word_1_179' title='bbox 358 1773 460 1837; x_wconf 84' lang='lat' dir='ltr'>positum</span> <span class='ocrx_word' id='word_1_180' title='bbox 477 1774 503 1820; x_wconf 88' lang='lat' dir='ltr'>in</span> <span class='ocrx_word' id='word_1_181' title='bbox 520 1774 567 1823; x_wconf 78' lang='lat' dir='ltr'>unis</span> <span class='ocrx_word' id='word_1_182' title='bbox 584 1790 616 1835; x_wconf 84' lang='lat' dir='ltr'>re,</span> <span class='ocrx_word' id='word_1_183' title='bbox 633 1776 750 1826; x_wconf 78' lang='lat' dir='ltr'>transferri</span> <span class='ocrx_word' id='word_1_184' title='bbox 766 1778 790 1826; x_wconf 88' lang='lat' dir='ltr'>in</span> 
     </span>
     <span class='ocr_line' id='line_1_26' title="bbox 125 1843 785 1904; baseline -0.003 -15"><span class='ocrx_word' id='word_1_185' title='bbox 125 1843 211 1890; x_wconf 79' lang='lat' dir='ltr'>multas</span> <span class='ocrx_word' id='word_1_186' title='bbox 220 1848 302 1904; x_wconf 78' lang='lat' dir='ltr'>potest.</span> <span class='ocrx_word' id='word_1_187' title='bbox 781 1851 785 1860; x_wconf 80' lang='grc'><strong>”</strong></span> 
     </span>
    </p>
   </div>
   <div class='ocr_carea' id='block_1_3' title="bbox 157 1927 735 2120">
    <p class='ocr_par' dir='ltr' id='par_1_4' title="bbox 157 1927 735 2120">
     <span class='ocr_line' id='line_1_27' title="bbox 157 1927 729 1992; baseline 0.005 -16"><span class='ocrx_word' id='word_1_188' title='bbox 157 1933 177 1959; x_wconf 85' lang='grc'>“</span> <span class='ocrx_word' id='word_1_189' title='bbox 189 1929 277 1988; x_wconf 90' lang='lat' dir='ltr'><strong>Homo,</strong></span> <span class='ocrx_word' id='word_1_190' title='bbox 289 1927 330 1992; x_wconf 91' lang='lat' dir='ltr'>qui</span> <span class='ocrx_word' id='word_1_191' title='bbox 341 1929 424 1976; x_wconf 76' lang='lat' dir='ltr'>errniti</span> <span class='ocrx_word' id='word_1_192' title='bbox 434 1929 528 1976; x_wconf 78' lang='lat' dir='ltr'>comiter</span> <span class='ocrx_word' id='word_1_193' title='bbox 537 1937 649 1978; x_wconf 83' lang='lat' dir='ltr'>monstrat</span> <span class='ocrx_word' id='word_1_194' title='bbox 659 1931 729 1990; x_wconf 77' lang='lat' dir='ltr'>vitm,</span> 
     </span>
     <span class='ocr_line' id='line_1_28' title="bbox 157 1993 717 2054; baseline 0.002 -14"><span class='ocrx_word' id='word_1_195' title='bbox 157 1993 233 2054; x_wconf 81' lang='lat' dir='ltr'>Quasi</span> <span class='ocrx_word' id='word_1_196' title='bbox 242 1994 322 2040; x_wconf 90' lang='lat' dir='ltr'>lumen</span> <span class='ocrx_word' id='word_1_197' title='bbox 333 1993 362 2040; x_wconf 87' lang='lat' dir='ltr'>de</span> <span class='ocrx_word' id='word_1_198' title='bbox 372 2008 413 2040; x_wconf 90' lang='lat' dir='ltr'>suo</span> <span class='ocrx_word' id='word_1_199' title='bbox 423 1994 511 2040; x_wconf 89' lang='lat' dir='ltr'>lumine</span> <span class='ocrx_word' id='word_1_200' title='bbox 521 1993 637 2052; x_wconf 65' lang='lat' dir='ltr'>aseendat,</span> <span class='ocrx_word' id='word_1_201' title='bbox 648 1993 717 2042; x_wconf 78' lang='lat' dir='ltr'>facite</span> 
     </span>
     <span class='ocr_line' id='line_1_29' title="bbox 158 2056 735 2120; baseline -0.002 -15"><span class='ocrx_word' id='word_1_202' title='bbox 158 2057 241 2108; x_wconf 84' lang='lat' dir='ltr'>Nihilo</span> <span class='ocrx_word' id='word_1_203' title='bbox 251 2057 328 2104; x_wconf 89' lang='lat' dir='ltr'>minus</span> <span class='ocrx_word' id='word_1_204' title='bbox 337 2057 382 2120; x_wconf 86' lang='lat' dir='ltr'>ipsi</span> <span class='ocrx_word' id='word_1_205' title='bbox 392 2057 462 2116; x_wconf 83' lang='lat' dir='ltr'>lueet,</span> <span class='ocrx_word' id='word_1_206' title='bbox 474 2071 528 2104; x_wconf 84' lang='lat' dir='ltr'>eum</span> <span class='ocrx_word' id='word_1_207' title='bbox 538 2056 573 2102; x_wconf 87' lang='lat' dir='ltr'>illi</span> <span class='ocrx_word' id='word_1_208' title='bbox 583 2057 735 2106; x_wconf 73' lang='lat' dir='ltr'>awenderit&#39;’</span> 
     </span>
    </p>
   </div>
   <div class='ocr_carea' id='block_1_4' title="bbox 124 2158 793 2799">
    <p class='ocr_par' dir='ltr' id='par_1_5' title="bbox 124 2158 792 2350">
     <span class='ocr_line' id='line_1_30' title="bbox 126 2158 791 2224; baseline -0.014 -11"><span class='ocrx_word' id='word_1_209' title='bbox 126 2163 181 2214; x_wconf 83' lang='lat' dir='ltr'>Unt</span> <span class='ocrx_word' id='word_1_210' title='bbox 191 2177 221 2211; x_wconf 85' lang='lat' dir='ltr'>ex</span> <span class='ocrx_word' id='word_1_211' title='bbox 233 2177 259 2210; x_wconf 88' lang='lat' dir='ltr'>re</span> <span class='ocrx_word' id='word_1_212' title='bbox 269 2161 322 2210; x_wconf 86' lang='lat' dir='ltr'>satis</span> <span class='ocrx_word' id='word_1_213' title='bbox 332 2160 472 2224; x_wconf 72' lang='lat' dir='ltr'>precipitur,</span> <span class='ocrx_word' id='word_1_214' title='bbox 485 2168 521 2214; x_wconf 74' lang='lat' dir='ltr'>ut,</span> <span class='ocrx_word' id='word_1_215' title='bbox 536 2158 650 2222; x_wconf 85' lang='lat' dir='ltr'>quidquid</span> <span class='ocrx_word' id='word_1_216' title='bbox 664 2159 712 2208; x_wconf 89' lang='lat' dir='ltr'>sine</span> <span class='ocrx_word' id='word_1_217' title='bbox 722 2160 791 2210; x_wconf 79' lang='lat' dir='ltr'>detti.</span> 
     </span>
     <span class='ocr_line' id='line_1_31' title="bbox 124 2223 735 2350; baseline -0.007 -11"><span class='ocrx_word' id='word_1_218' title='bbox 124 2223 735 2350; x_wconf 44' lang='lat' dir='ltr'>manutenuistis</span> 
     </span>
     <span class='ocr_line' id='line_1_32' title="bbox 141 2309 172 2340; baseline 0 0"><span class='ocrx_word' id='word_1_219' title='bbox 141 2309 172 2340; x_wconf 88' lang='lat' dir='ltr'>uo</span> 
     </span>
    </p>

    <p class='ocr_par' dir='ltr' id='par_1_6' title="bbox 125 2303 793 2737">
     <span class='ocr_line' id='line_1_33' title="bbox 125 2303 791 2416; baseline -0.002 -12"><span class='ocrx_word' id='word_1_220' title='bbox 125 2310 226 2404; x_wconf 69' lang='lat' dir='ltr'>iueute:</span> <span class='ocrx_word' id='word_1_221' title='bbox 244 2354 299 2402; x_wconf 87' lang='lat' dir='ltr'>Pati</span> <span class='ocrx_word' id='word_1_222' title='bbox 316 2356 345 2401; x_wconf 82' lang='lat' dir='ltr'>ab</span> <span class='ocrx_word' id='word_1_223' title='bbox 359 2354 413 2416; x_wconf 82' lang='lat' dir='ltr'>igne</span> <span class='ocrx_word' id='word_1_224' title='bbox 427 2353 505 2416; x_wconf 81' lang='lat' dir='ltr'>ignem</span> <span class='ocrx_word' id='word_1_225' title='bbox 520 2367 607 2414; x_wconf 84' lang='lat' dir='ltr'>capere,</span> <span class='ocrx_word' id='word_1_226' title='bbox 623 2351 643 2398; x_wconf 86' lang='lat' dir='ltr'>si</span> <span class='ocrx_word' id='word_1_227' title='bbox 657 2303 709 2415; x_wconf 67' lang='lat' dir='ltr'>qiiis</span> <span class='ocrx_word' id='word_1_228' title='bbox 719 2305 791 2414; x_wconf 49' lang='lat' dir='ltr'>veiim</span> 
     </span>
     <span class='ocr_line' id='line_1_34' title="bbox 127 2415 792 2478; baseline -0.008 -10"><span class='ocrx_word' id='word_1_229' title='bbox 127 2420 257 2468; x_wconf 86' lang='lat' dir='ltr'>Consilium</span> <span class='ocrx_word' id='word_1_230' title='bbox 267 2417 335 2464; x_wconf 86' lang='lat' dir='ltr'>fidele</span> <span class='ocrx_word' id='word_1_231' title='bbox 348 2417 482 2464; x_wconf 82' lang='lat' dir='ltr'>deliberanti</span> <span class='ocrx_word' id='word_1_232' title='bbox 492 2416 560 2463; x_wconf 77' lang='lat' dir='ltr'>daret</span> <span class='ocrx_word' id='word_1_233' title='bbox 578 2431 630 2478; x_wconf 77' lang='lat' dir='ltr'>quse</span> <span class='ocrx_word' id='word_1_234' title='bbox 640 2424 694 2464; x_wconf 87' lang='lat' dir='ltr'>suut</span> <span class='ocrx_word' id='word_1_235' title='bbox 708 2415 737 2466; x_wconf 89' lang='lat' dir='ltr'>iis</span> <span class='ocrx_word' id='word_1_236' title='bbox 746 2422 792 2468; x_wconf 90' lang='lat' dir='ltr'>uti.</span> 
     </span>
     <span class='ocr_line' id='line_1_35' title="bbox 125 2475 792 2547; baseline 0 -15"><span class='ocrx_word' id='word_1_237' title='bbox 125 2485 157 2532; x_wconf 76' lang='lat' dir='ltr'>lie</span> <span class='ocrx_word' id='word_1_238' title='bbox 167 2484 209 2547; x_wconf 90' lang='lat' dir='ltr'>qui</span> <span class='ocrx_word' id='word_1_239' title='bbox 219 2481 342 2545; x_wconf 72' lang='lat' dir='ltr'>accipiunt,</span> <span class='ocrx_word' id='word_1_240' title='bbox 361 2481 426 2528; x_wconf 78' lang='lat' dir='ltr'>danti</span> <span class='ocrx_word' id='word_1_241' title='bbox 436 2496 483 2528; x_wconf 92' lang='lat' dir='ltr'>non</span> <span class='ocrx_word' id='word_1_242' title='bbox 497 2475 599 2528; x_wconf 79' lang='lat' dir='ltr'>molesta</span> <span class='ocrx_word' id='word_1_243' title='bbox 624 2479 704 2539; x_wconf 81' lang='lat' dir='ltr'>Quare</span> <span class='ocrx_word' id='word_1_244' title='bbox 718 2493 741 2531; x_wconf 87' lang='lat' dir='ltr'>et</span> <span class='ocrx_word' id='word_1_245' title='bbox 755 2485 792 2532; x_wconf 86' lang='lat' dir='ltr'>his</span> 
     </span>
     <span class='ocr_line' id='line_1_36' title="bbox 125 2543 792 2608; baseline -0.012 -12"><span class='ocrx_word' id='word_1_246' title='bbox 125 2547 239 2596; x_wconf 84' lang='lat' dir='ltr'>utendum</span> <span class='ocrx_word' id='word_1_247' title='bbox 250 2555 292 2605; x_wconf 79' lang='lat' dir='ltr'>est,</span> <span class='ocrx_word' id='word_1_248' title='bbox 301 2554 324 2593; x_wconf 87' lang='lat' dir='ltr'>et</span> <span class='ocrx_word' id='word_1_249' title='bbox 333 2561 422 2608; x_wconf 81' lang='lat' dir='ltr'>semper</span> <span class='ocrx_word' id='word_1_250' title='bbox 435 2544 523 2608; x_wconf 70' lang='lat' dir='ltr'>aliquid</span> <span class='ocrx_word' id='word_1_251' title='bbox 533 2543 563 2590; x_wconf 81' lang='lat' dir='ltr'>sd</span> <span class='ocrx_word' id='word_1_252' title='bbox 573 2559 719 2593; x_wconf 82' lang='lat' dir='ltr'>communem</span> <span class='ocrx_word' id='word_1_253' title='bbox 729 2548 792 2594; x_wconf 89' lang='lat' dir='ltr'>utili.</span> 
     </span>
     <span class='ocr_line' id='line_1_37' title="bbox 126 2608 792 2672; baseline -0.012 -12"><span class='ocrx_word' id='word_1_254' title='bbox 126 2621 197 2660; x_wconf 80' lang='lat' dir='ltr'>tatem</span> <span class='ocrx_word' id='word_1_255' title='bbox 208 2609 355 2658; x_wconf 67' lang='lat' dir='ltr'>afferendum</span> <span class='ocrx_word' id='word_1_256' title='bbox 373 2609 427 2669; x_wconf 80' lang='lat' dir='ltr'>Sed,</span> <span class='ocrx_word' id='word_1_257' title='bbox 435 2608 545 2672; x_wconf 88' lang='lat' dir='ltr'>quoniam</span> <span class='ocrx_word' id='word_1_258' title='bbox 552 2608 622 2671; x_wconf 84' lang='lat' dir='ltr'>eopiae</span> <span class='ocrx_word' id='word_1_259' title='bbox 632 2625 707 2672; x_wconf 80' lang='lat' dir='ltr'>parvae</span> <span class='ocrx_word' id='word_1_260' title='bbox 713 2610 792 2668; x_wconf 79' lang='lat' dir='ltr'>singu.</span> 
     </span>
     <span class='ocr_line' id='line_1_38' title="bbox 126 2671 793 2737; baseline -0.004 -13"><span class='ocrx_word' id='word_1_261' title='bbox 126 2677 201 2724; x_wconf 80' lang='lat' dir='ltr'>lotum</span> <span class='ocrx_word' id='word_1_262' title='bbox 213 2683 267 2722; x_wconf 89' lang='lat' dir='ltr'>sunt</span> <span class='ocrx_word' id='word_1_263' title='bbox 276 2689 380 2731; x_wconf 61' lang='lat' dir='ltr'>eentum</span> <span class='ocrx_word' id='word_1_264' title='bbox 391 2682 477 2734; x_wconf 76' lang='lat' dir='ltr'>autem,</span> <span class='ocrx_word' id='word_1_265' title='bbox 493 2672 534 2737; x_wconf 89' lang='lat' dir='ltr'>qui</span> <span class='ocrx_word' id='word_1_266' title='bbox 548 2671 584 2720; x_wconf 91' lang='lat' dir='ltr'>his</span> <span class='ocrx_word' id='word_1_267' title='bbox 599 2682 688 2736; x_wconf 70' lang='lat' dir='ltr'>egeant,</span> <span class='ocrx_word' id='word_1_268' title='bbox 703 2672 793 2726; x_wconf 81' lang='lat' dir='ltr'>infinite</span> 
     </span>
    </p>

    <p class='ocr_par' dir='ltr' id='par_1_7' title="bbox 156 2741 597 2799">
     <span class='ocr_line' id='line_1_39' title="bbox 156 2741 597 2799; baseline -0.007 -12"><span class='ocrx_word' id='word_1_269' title='bbox 156 2741 269 2799; x_wconf 78' lang='lat' dir='ltr'>(Philus.)</span> <span class='ocrx_word' id='word_1_270' title='bbox 282 2751 344 2786; x_wconf 80' lang='lat' dir='ltr'>vot.</span> <span class='ocrx_word' id='word_1_271' title='bbox 357 2747 415 2786; x_wconf 77' lang='grc' dir='ltr'>ιν..</span> <span class='ocrx_word' id='word_1_272' title='bbox 580 2751 597 2784; x_wconf 88' lang='lat' dir='ltr'>u</span> 
     </span>
    </p>
   </div>
   <div class='ocr_carea' id='block_1_5' title="bbox 0 0 938 2964">
    <p class='ocr_par' dir='ltr' id='par_1_8' title="bbox 0 0 938 2964">
     <span class='ocr_line' id='line_1_40' title="bbox 0 0 938 2964; baseline 0 0"><span class='ocrx_word' id='word_1_273' title='bbox 0 0 938 2964; x_wconf 95' lang='lat' dir='ltr'> </span> 
     </span>
    </p>
   </div>
  </div>
 </body>
</html>
