<?xml version="1.0" encoding="UTF-8"?>
<!DOCTYPE html PUBLIC "-//W3C//DTD XHTML 1.0 Transitional//EN"
    "http://www.w3.org/TR/xhtml1/DTD/xhtml1-transitional.dtd">
<html xmlns="http://www.w3.org/1999/xhtml" xml:lang="en" lang="en">
 <head>
  <title>
</title>
<meta http-equiv="Content-Type" content="text/html;charset=utf-8" />
  <meta name='ocr-system' content='tesseract 3.04.00' />
  <meta name='ocr-capabilities' content='ocr_page ocr_carea ocr_par ocr_line ocrx_word'/>
</head>
<body>
  <div class='ocr_page' id='page_1' title='image "./operaexeditioni02cicegoog_0299.png"; bbox 0 0 1864 2958; ppageno 0'>
   <div class='ocr_carea' id='block_1_1' title="bbox 240 481 725 844">
    <p class='ocr_par' dir='ltr' id='par_1_1' title="bbox 240 481 725 844">
     <span class='ocr_line' id='line_1_1' title="bbox 240 481 725 563; baseline -0.037 0"><span class='ocrx_word' id='word_1_1' title='bbox 240 493 289 563; x_wconf 81' lang='lat' dir='ltr'>M.</span> <span class='ocrx_word' id='word_1_2' title='bbox 303 489 452 560; x_wconf 86' lang='lat' dir='ltr'>TULLII</span> <span class='ocrx_word' id='word_1_3' title='bbox 475 481 725 562; x_wconf 83' lang='lat' dir='ltr'>CICERONIS,</span> 
     </span>
     <span class='ocr_line' id='line_1_2' title="bbox 303 757 655 844; baseline -0.02 -6"><span class='ocrx_word' id='word_1_4' title='bbox 303 763 339 838; x_wconf 95' lang='lat' dir='ltr'>O</span> <span class='ocrx_word' id='word_1_5' title='bbox 357 763 388 837; x_wconf 85' lang='lat' dir='ltr'><strong>F</strong></span> <span class='ocrx_word' id='word_1_6' title='bbox 404 761 435 835; x_wconf 88' lang='lat' dir='ltr'><strong>F</strong></span> <span class='ocrx_word' id='word_1_7' title='bbox 452 759 473 833; x_wconf 97' lang='lat' dir='ltr'>I</span> <span class='ocrx_word' id='word_1_8' title='bbox 491 761 522 836; x_wconf 90' lang='lat' dir='ltr'>C</span> <span class='ocrx_word' id='word_1_9' title='bbox 541 759 561 833; x_wconf 94' lang='lat' dir='ltr'>I</span> <span class='ocrx_word' id='word_1_10' title='bbox 580 759 599 832; x_wconf 92' lang='grc' dir='ltr'>Ι</span> <span class='ocrx_word' id='word_1_11' title='bbox 619 757 655 844; x_wconf 88' lang='lat' dir='ltr'>S,</span> 
     </span>
    </p>
   </div>
   <div class='ocr_carea' id='block_1_2' title="bbox 459 929 498 964">
    <p class='ocr_par' dir='ltr' id='par_1_2' title="bbox 459 929 498 964">
     <span class='ocr_line' id='line_1_3' title="bbox 459 929 498 964; baseline 0 0"><span class='ocrx_word' id='word_1_12' title='bbox 459 929 498 964; x_wconf 77' lang='lat' dir='ltr'>AD</span> 
     </span>
    </p>
   </div>
   <div class='ocr_carea' id='block_1_3' title="bbox 207 1041 758 1245">
    <p class='ocr_par' dir='ltr' id='par_1_3' title="bbox 207 1041 758 1245">
     <span class='ocr_line' id='line_1_4' title="bbox 207 1041 758 1138; baseline -0.022 -23"><span class='ocrx_word' id='word_1_13' title='bbox 207 1046 472 1138; x_wconf 68' lang='lat' dir='ltr'>MARCUM</span> <span class='ocrx_word' id='word_1_14' title='bbox 509 1041 758 1121; x_wconf 75' lang='lat' dir='ltr'>muru,</span> 
     </span>
     <span class='ocr_line' id='line_1_5' title="bbox 323 1156 650 1245; baseline -0.015 0"><span class='ocrx_word' id='word_1_15' title='bbox 323 1156 448 1245; x_wconf 72' lang='lat' dir='ltr'>nlnnn</span> <span class='ocrx_word' id='word_1_16' title='bbox 468 1191 650 1242; x_wconf 76' lang='lat' dir='ltr'><strong>TERTIUS.</strong></span> 
     </span>
    </p>
   </div>
   <div class='ocr_carea' id='block_1_4' title="bbox 440 1368 530 1410">
    <p class='ocr_par' dir='ltr' id='par_1_4' title="bbox 440 1368 530 1410">
     <span class='ocr_line' id='line_1_6' title="bbox 440 1368 530 1410; baseline 0 -9"><span class='ocrx_word' id='word_1_17' title='bbox 440 1368 530 1410; x_wconf 60' lang='grc'>-4-</span> 
     </span>
    </p>
   </div>
   <div class='ocr_carea' id='block_1_5' title="bbox 152 1523 821 1980">
    <p class='ocr_par' dir='ltr' id='par_1_5' title="bbox 152 1523 821 1980">
     <span class='ocr_line' id='line_1_7' title="bbox 186 1523 821 1590; baseline -0.019 -8"><span class='ocrx_word' id='word_1_18' title='bbox 186 1534 207 1582; x_wconf 93' lang='grc' dir='ltr'>Ι.</span> <span class='ocrx_word' id='word_1_19' title='bbox 225 1532 362 1580; x_wconf 78' lang='lat' dir='ltr'>Ponmuu</span> <span class='ocrx_word' id='word_1_20' title='bbox 379 1526 517 1590; x_wconf 82' lang='lat' dir='ltr'>Scipionem,</span> <span class='ocrx_word' id='word_1_21' title='bbox 537 1523 619 1571; x_wconf 79' lang='lat' dir='ltr'>Marce</span> <span class='ocrx_word' id='word_1_22' title='bbox 634 1523 677 1582; x_wconf 77' lang='lat' dir='ltr'>fili,</span> <span class='ocrx_word' id='word_1_23' title='bbox 694 1539 758 1582; x_wconf 90' lang='lat' dir='ltr'>eum,</span> <span class='ocrx_word' id='word_1_24' title='bbox 778 1525 821 1589; x_wconf 82' lang='lat' dir='ltr'>qui</span> 
     </span>
     <span class='ocr_line' id='line_1_8' title="bbox 152 1588 819 1664; baseline -0.013 -19"><span class='ocrx_word' id='word_1_25' title='bbox 152 1599 240 1664; x_wconf 85' lang='lat' dir='ltr'>primus</span> <span class='ocrx_word' id='word_1_26' title='bbox 260 1593 385 1641; x_wconf 79' lang='lat' dir='ltr'>Afrioonus</span> <span class='ocrx_word' id='word_1_27' title='bbox 410 1590 537 1664; x_wconf 73' lang='lat' dir='ltr'>appellatus</span> <span class='ocrx_word' id='word_1_28' title='bbox 556 1595 597 1647; x_wconf 80' lang='lat' dir='ltr'>est,</span> <span class='ocrx_word' id='word_1_29' title='bbox 623 1588 697 1636; x_wconf 81' lang='lat' dir='ltr'>dicere</span> <span class='ocrx_word' id='word_1_30' title='bbox 715 1589 819 1649; x_wconf 86' lang='lat' dir='ltr'>solitum,</span> 
     </span>
     <span class='ocr_line' id='line_1_9' title="bbox 153 1652 820 1730; baseline -0.016 -23"><span class='ocrx_word' id='word_1_31' title='bbox 153 1660 242 1723; x_wconf 76' lang='lat' dir='ltr'>scripsit</span> <span class='ocrx_word' id='word_1_32' title='bbox 258 1657 324 1730; x_wconf 74' lang='lat' dir='ltr'>Cato,</span> <span class='ocrx_word' id='word_1_33' title='bbox 342 1654 383 1718; x_wconf 90' lang='lat' dir='ltr'>qui</span> <span class='ocrx_word' id='word_1_34' title='bbox 401 1654 446 1700; x_wconf 85' lang='lat' dir='ltr'>furt</span> <span class='ocrx_word' id='word_1_35' title='bbox 465 1653 512 1700; x_wconf 85' lang='lat' dir='ltr'>fere</span> <span class='ocrx_word' id='word_1_36' title='bbox 531 1653 581 1714; x_wconf 86' lang='lat' dir='ltr'>ejus</span> <span class='ocrx_word' id='word_1_37' title='bbox 600 1652 702 1716; x_wconf 75' lang='lat' dir='ltr'>aequulis,</span> <span class='ocrx_word' id='word_1_38' title='bbox 719 1655 737 1680; x_wconf 85' lang='lat'>“</span> <span class='ocrx_word' id='word_1_39' title='bbox 750 1653 820 1700; x_wconf 90' lang='lat' dir='ltr'>Nun.</span> 
     </span>
     <span class='ocr_line' id='line_1_10' title="bbox 154 1717 818 1790; baseline -0.003 -22"><span class='ocrx_word' id='word_1_40' title='bbox 154 1739 225 1790; x_wconf 80' lang='lat' dir='ltr'>quam</span> <span class='ocrx_word' id='word_1_41' title='bbox 241 1737 265 1768; x_wconf 81' lang='lat' dir='ltr'>se</span> <span class='ocrx_word' id='word_1_42' title='bbox 280 1734 357 1766; x_wconf 84' lang='lat' dir='ltr'>mrnus</span> <span class='ocrx_word' id='word_1_43' title='bbox 373 1718 471 1765; x_wconf 84' lang='lat' dir='ltr'>otiosum</span> <span class='ocrx_word' id='word_1_44' title='bbox 488 1732 544 1775; x_wconf 84' lang='lat' dir='ltr'>esse,</span> <span class='ocrx_word' id='word_1_45' title='bbox 576 1730 631 1764; x_wconf 78' lang='lat' dir='ltr'>uam</span> <span class='ocrx_word' id='word_1_46' title='bbox 648 1732 701 1764; x_wconf 88' lang='lat' dir='ltr'>cum</span> <span class='ocrx_word' id='word_1_47' title='bbox 717 1717 818 1776; x_wconf 75' lang='lat' dir='ltr'>otiosus3</span> 
     </span>
     <span class='ocr_line' id='line_1_11' title="bbox 153 1733 819 1844; baseline -0.015 -12"><span class='ocrx_word' id='word_1_48' title='bbox 153 1803 196 1837; x_wconf 83' lang='lat' dir='ltr'>neo</span> <span class='ocrx_word' id='word_1_49' title='bbox 206 1785 283 1832; x_wconf 83' lang='lat' dir='ltr'>minus</span> <span class='ocrx_word' id='word_1_50' title='bbox 293 1783 377 1839; x_wconf 81' lang='lat' dir='ltr'>solum,</span> <span class='ocrx_word' id='word_1_51' title='bbox 399 1795 471 1844; x_wconf 74' lang='lat' dir='ltr'>quam</span> <span class='ocrx_word' id='word_1_52' title='bbox 482 1796 535 1828; x_wconf 87' lang='lat' dir='ltr'>oum</span> <span class='ocrx_word' id='word_1_53' title='bbox 546 1733 607 1828; x_wconf 44' lang='lat' dir='ltr'>utrius</span> <span class='ocrx_word' id='word_1_54' title='bbox 618 1780 700 1828; x_wconf 81' lang='lat' dir='ltr'>esset&#39;‘</span> <span class='ocrx_word' id='word_1_55' title='bbox 723 1781 819 1844; x_wconf 79' lang='lat' dir='ltr'>Magni.</span> 
     </span>
     <span class='ocr_line' id='line_1_12' title="bbox 154 1845 817 1908; baseline -0.009 -11"><span class='ocrx_word' id='word_1_56' title='bbox 154 1854 197 1901; x_wconf 74' lang='lat' dir='ltr'>fica</span> <span class='ocrx_word' id='word_1_57' title='bbox 215 1863 268 1896; x_wconf 88' lang='lat' dir='ltr'>vero</span> <span class='ocrx_word' id='word_1_58' title='bbox 289 1861 344 1902; x_wconf 84' lang='lat' dir='ltr'>vox,</span> <span class='ocrx_word' id='word_1_59' title='bbox 365 1854 388 1892; x_wconf 87' lang='lat' dir='ltr'>et</span> <span class='ocrx_word' id='word_1_60' title='bbox 407 1859 493 1906; x_wconf 76' lang='lat' dir='ltr'>magno</span> <span class='ocrx_word' id='word_1_61' title='bbox 509 1845 557 1892; x_wconf 84' lang='lat' dir='ltr'>viro</span> <span class='ocrx_word' id='word_1_62' title='bbox 575 1859 601 1892; x_wconf 81' lang='lat' dir='ltr'>oo</span> <span class='ocrx_word' id='word_1_63' title='bbox 620 1845 722 1908; x_wconf 78' lang='lat' dir='ltr'><strong>sapiente</strong></span> <span class='ocrx_word' id='word_1_64' title='bbox 740 1845 817 1908; x_wconf 74' lang='lat' dir='ltr'>digna,</span> 
     </span>
     <span class='ocr_line' id='line_1_13' title="bbox 154 1907 817 1980; baseline -0.014 -17"><span class='ocrx_word' id='word_1_65' title='bbox 154 1909 403 1980; x_wconf 59' lang='lat' dir='ltr'>quindecimuirum</span> <span class='ocrx_word' id='word_1_66' title='bbox 420 1917 443 1956; x_wconf 87' lang='lat' dir='ltr'>et</span> <span class='ocrx_word' id='word_1_67' title='bbox 457 1909 482 1954; x_wconf 91' lang='lat' dir='ltr'>in</span> <span class='ocrx_word' id='word_1_68' title='bbox 497 1909 543 1956; x_wconf 84' lang='lat' dir='ltr'>otio</span> <span class='ocrx_word' id='word_1_69' title='bbox 558 1907 587 1954; x_wconf 86' lang='lat' dir='ltr'>de</span> <span class='ocrx_word' id='word_1_70' title='bbox 601 1908 698 1972; x_wconf 83' lang='lat' dir='ltr'>negotiis</span> <span class='ocrx_word' id='word_1_71' title='bbox 712 1909 817 1972; x_wconf 72' lang='lat' dir='ltr'>cogitare,</span> 
     </span>
    </p>
   </div>
   <div class='ocr_carea' id='block_1_6' title="bbox 154 1972 914 2037">
    <p class='ocr_par' dir='ltr' id='par_1_6' title="bbox 154 1972 914 2037">
     <span class='ocr_line' id='line_1_14' title="bbox 154 1972 914 2037; baseline -0.007 -11"><span class='ocrx_word' id='word_1_72' title='bbox 154 1989 177 2030; x_wconf 78' lang='lat' dir='ltr'>et</span> <span class='ocrx_word' id='word_1_73' title='bbox 198 1978 223 2026; x_wconf 88' lang='lat' dir='ltr'>in</span> <span class='ocrx_word' id='word_1_74' title='bbox 241 1972 363 2024; x_wconf 83' lang='lat' dir='ltr'>solitudine</span> <span class='ocrx_word' id='word_1_75' title='bbox 382 1987 459 2020; x_wconf 84' lang='lat' dir='ltr'>secum</span> <span class='ocrx_word' id='word_1_76' title='bbox 479 1972 544 2035; x_wconf 91' lang='lat' dir='ltr'>loqui</span> <span class='ocrx_word' id='word_1_77' title='bbox 565 1973 674 2028; x_wconf 71' lang='lat' dir='ltr'>solitum</span> <span class='ocrx_word' id='word_1_78' title='bbox 698 1981 726 2020; x_wconf 86' lang='lat' dir='ltr'>ut</span> <span class='ocrx_word' id='word_1_79' title='bbox 746 1988 819 2037; x_wconf 82' lang='lat' dir='ltr'>noque</span> <span class='ocrx_word' id='word_1_80' title='bbox 913 2013 914 2032; x_wconf 59' lang='grc'>,</span> 
     </span>
    </p>
   </div>
   <div class='ocr_carea' id='block_1_7' title="bbox 152 2036 819 2486">
    <p class='ocr_par' dir='ltr' id='par_1_7' title="bbox 152 2036 819 2486">
     <span class='ocr_line' id='line_1_15' title="bbox 154 2036 817 2102; baseline -0.008 -11"><span class='ocrx_word' id='word_1_81' title='bbox 154 2049 249 2094; x_wconf 82' lang='lat' dir='ltr'>oessaret</span> <span class='ocrx_word' id='word_1_82' title='bbox 259 2052 372 2102; x_wconf 83' lang='lat' dir='ltr'>unquam,</span> <span class='ocrx_word' id='word_1_83' title='bbox 384 2045 407 2085; x_wconf 89' lang='lat' dir='ltr'>et</span> <span class='ocrx_word' id='word_1_84' title='bbox 417 2036 533 2083; x_wconf 84' lang='lat' dir='ltr'>interdum</span> <span class='ocrx_word' id='word_1_85' title='bbox 542 2036 656 2099; x_wconf 87' lang='lat' dir='ltr'>colloquio</span> <span class='ocrx_word' id='word_1_86' title='bbox 666 2036 759 2084; x_wconf 74' lang='lat' dir='ltr'>ulterius</span> <span class='ocrx_word' id='word_1_87' title='bbox 773 2052 817 2086; x_wconf 92' lang='lat' dir='ltr'>non</span> 
     </span>
     <span class='ocr_line' id='line_1_16' title="bbox 155 2100 819 2174; baseline -0.002 -23"><span class='ocrx_word' id='word_1_88' title='bbox 155 2115 237 2172; x_wconf 74' lang='lat' dir='ltr'>egeret</span> <span class='ocrx_word' id='word_1_89' title='bbox 266 2104 348 2166; x_wconf 70' lang='lat' dir='ltr'>Itaque</span> <span class='ocrx_word' id='word_1_90' title='bbox 365 2101 418 2148; x_wconf 84' lang='lat' dir='ltr'>duae</span> <span class='ocrx_word' id='word_1_91' title='bbox 434 2115 478 2160; x_wconf 83' lang='lat' dir='ltr'>reo,</span> <span class='ocrx_word' id='word_1_92' title='bbox 496 2115 549 2174; x_wconf 76' lang='lat' dir='ltr'>quae</span> <span class='ocrx_word' id='word_1_93' title='bbox 566 2100 701 2163; x_wconf 74' lang='lat' dir='ltr'><strong>languorem</strong></span> <span class='ocrx_word' id='word_1_94' title='bbox 723 2101 819 2150; x_wconf 80' lang='lat' dir='ltr'>offerunt</span> 
     </span>
     <span class='ocr_line' id='line_1_17' title="bbox 154 2164 818 2226; baseline -0.002 -11"><span class='ocrx_word' id='word_1_95' title='bbox 154 2171 248 2226; x_wconf 73' lang='lat' dir='ltr'>caeoeris,</span> <span class='ocrx_word' id='word_1_96' title='bbox 259 2168 327 2214; x_wconf 90' lang='lat' dir='ltr'>illum</span> <span class='ocrx_word' id='word_1_97' title='bbox 342 2168 461 2220; x_wconf 72' lang='lat' dir='ltr'>acuebant,</span> <span class='ocrx_word' id='word_1_98' title='bbox 477 2173 550 2211; x_wconf 77' lang='lat' dir='ltr'>otium</span> <span class='ocrx_word' id='word_1_99' title='bbox 563 2173 586 2210; x_wconf 89' lang='lat' dir='ltr'>et</span> <span class='ocrx_word' id='word_1_100' title='bbox 598 2164 704 2211; x_wconf 84' lang='lat' dir='ltr'>solitudo.</span> <span class='ocrx_word' id='word_1_101' title='bbox 728 2165 818 2214; x_wconf 83' lang='lat' dir='ltr'>Vellem</span> 
     </span>
     <span class='ocr_line' id='line_1_18' title="bbox 153 2227 818 2286; baseline -0.012 -2"><span class='ocrx_word' id='word_1_102' title='bbox 153 2235 220 2283; x_wconf 80' lang='lat' dir='ltr'>nobis</span> <span class='ocrx_word' id='word_1_103' title='bbox 236 2234 280 2280; x_wconf 87' lang='lat' dir='ltr'>hoo</span> <span class='ocrx_word' id='word_1_104' title='bbox 296 2230 358 2277; x_wconf 88' lang='lat' dir='ltr'>idem</span> <span class='ocrx_word' id='word_1_105' title='bbox 375 2245 427 2277; x_wconf 84' lang='lat' dir='ltr'>vere</span> <span class='ocrx_word' id='word_1_106' title='bbox 443 2227 516 2275; x_wconf 86' lang='lat' dir='ltr'>dicere</span> <span class='ocrx_word' id='word_1_107' title='bbox 532 2228 624 2275; x_wconf 78' lang='lat' dir='ltr'>liceret:</span> <span class='ocrx_word' id='word_1_108' title='bbox 643 2228 691 2286; x_wconf 75' lang='lat' dir='ltr'>sed,</span> <span class='ocrx_word' id='word_1_109' title='bbox 708 2229 728 2276; x_wconf 85' lang='lat' dir='ltr'>si</span> <span class='ocrx_word' id='word_1_110' title='bbox 744 2229 818 2278; x_wconf 78' lang='lat' dir='ltr'>minus</span> 
     </span>
     <span class='ocr_line' id='line_1_19' title="bbox 152 2291 817 2356; baseline -0.011 -10"><span class='ocrx_word' id='word_1_111' title='bbox 152 2297 280 2346; x_wconf 76' lang='lat' dir='ltr'>imitatione</span> <span class='ocrx_word' id='word_1_112' title='bbox 291 2302 380 2342; x_wconf 75' lang='lat' dir='ltr'>tantun</span> <span class='ocrx_word' id='word_1_113' title='bbox 390 2291 475 2354; x_wconf 81' lang='lat' dir='ltr'>ingenii</span> <span class='ocrx_word' id='word_1_114' title='bbox 486 2291 642 2353; x_wconf 66' lang='lat' dir='ltr'>prestantium</span> <span class='ocrx_word' id='word_1_115' title='bbox 651 2293 759 2356; x_wconf 75' lang='lat' dir='ltr'>consequi</span> <span class='ocrx_word' id='word_1_116' title='bbox 768 2309 817 2356; x_wconf 75' lang='lat' dir='ltr'>pos·</span> 
     </span>
     <span class='ocr_line' id='line_1_20' title="bbox 153 2355 817 2418; baseline -0.003 -10"><span class='ocrx_word' id='word_1_117' title='bbox 153 2377 242 2416; x_wconf 72' lang='lat' dir='ltr'>summ,</span> <span class='ocrx_word' id='word_1_118' title='bbox 254 2359 371 2406; x_wconf 80' lang='lat' dir='ltr'>voluntate</span> <span class='ocrx_word' id='word_1_119' title='bbox 381 2365 440 2404; x_wconf 82' lang='lat' dir='ltr'>certe</span> <span class='ocrx_word' id='word_1_120' title='bbox 450 2355 555 2418; x_wconf 82' lang='lat' dir='ltr'>proxime</span> <span class='ocrx_word' id='word_1_121' title='bbox 565 2355 699 2404; x_wconf 78' lang='lat' dir='ltr'>accedimus.</span> <span class='ocrx_word' id='word_1_122' title='bbox 724 2357 787 2404; x_wconf 83' lang='lat' dir='ltr'>Nam</span> <span class='ocrx_word' id='word_1_123' title='bbox 796 2365 817 2406; x_wconf 79' lang='lat' dir='ltr'>et</span> 
     </span>
     <span class='ocr_line' id='line_1_21' title="bbox 153 2418 817 2486; baseline -0.003 -16"><span class='ocrx_word' id='word_1_124' title='bbox 153 2441 167 2474; x_wconf 80' lang='lat' dir='ltr'><strong>a</strong></span> <span class='ocrx_word' id='word_1_125' title='bbox 178 2421 296 2486; x_wconf 69' lang='lat' dir='ltr'>republici</span> <span class='ocrx_word' id='word_1_126' title='bbox 306 2420 479 2481; x_wconf 83' lang='lat' dir='ltr'>forensibusque</span> <span class='ocrx_word' id='word_1_127' title='bbox 490 2418 594 2481; x_wconf 84' lang='lat' dir='ltr'>negotiis,</span> <span class='ocrx_word' id='word_1_128' title='bbox 613 2419 683 2466; x_wconf 77' lang='lat' dir='ltr'>annis</span> <span class='ocrx_word' id='word_1_129' title='bbox 698 2420 776 2484; x_wconf 75' lang='lat' dir='ltr'>impiis</span> <span class='ocrx_word' id='word_1_130' title='bbox 786 2421 817 2468; x_wconf 82' lang='lat' dir='ltr'>vi·</span> 
     </span>
    </p>
   </div>
   <div class='ocr_carea' id='block_1_8' title="bbox 153 2482 914 2551">
    <p class='ocr_par' dir='ltr' id='par_1_8' title="bbox 153 2482 914 2551">
     <span class='ocr_line' id='line_1_22' title="bbox 153 2482 914 2551; baseline -0.012 -17"><span class='ocrx_word' id='word_1_131' title='bbox 153 2503 207 2551; x_wconf 81' lang='lat' dir='ltr'>que,</span> <span class='ocrx_word' id='word_1_132' title='bbox 235 2483 336 2540; x_wconf 68' lang='lat' dir='ltr'>inhibiti,</span> <span class='ocrx_word' id='word_1_133' title='bbox 348 2484 421 2530; x_wconf 84' lang='lat' dir='ltr'>otium</span> <span class='ocrx_word' id='word_1_134' title='bbox 432 2482 605 2544; x_wconf 76' lang='lat' dir='ltr'>persequimur3</span> <span class='ocrx_word' id='word_1_135' title='bbox 623 2491 653 2539; x_wconf 86' lang='lat' dir='ltr'>et,</span> <span class='ocrx_word' id='word_1_136' title='bbox 669 2485 818 2532; x_wconf 80' lang='lat' dir='ltr'>obeomoou.</span> <span class='ocrx_word' id='word_1_137' title='bbox 913 2485 914 2490; x_wconf 78' lang='grc'>’</span> 
     </span>
    </p>
   </div>
   <div class='ocr_carea' id='block_1_9' title="bbox 152 2546 816 2672">
    <p class='ocr_par' dir='ltr' id='par_1_9' title="bbox 152 2546 816 2672">
     <span class='ocr_line' id='line_1_23' title="bbox 152 2546 816 2609; baseline 0.002 -15"><span class='ocrx_word' id='word_1_138' title='bbox 152 2565 211 2609; x_wconf 76' lang='lat' dir='ltr'>sam,</span> <span class='ocrx_word' id='word_1_139' title='bbox 244 2549 285 2594; x_wconf 81' lang='lat' dir='ltr'>rbe</span> <span class='ocrx_word' id='word_1_140' title='bbox 294 2546 381 2605; x_wconf 68' lang='lat' dir='ltr'>relicti,</span> <span class='ocrx_word' id='word_1_141' title='bbox 390 2561 444 2592; x_wconf 82' lang='lat' dir='ltr'>ruro</span> <span class='ocrx_word' id='word_1_142' title='bbox 453 2553 606 2607; x_wconf 79' lang='lat' dir='ltr'>peragrantes,</span> <span class='ocrx_word' id='word_1_143' title='bbox 614 2562 674 2608; x_wconf 77' lang='lat' dir='ltr'>soepe</span> <span class='ocrx_word' id='word_1_144' title='bbox 681 2547 723 2594; x_wconf 88' lang='lat' dir='ltr'>soli</span> <span class='ocrx_word' id='word_1_145' title='bbox 734 2563 816 2596; x_wconf 80' lang='lat' dir='ltr'>sumus.</span> 
     </span>
     <span class='ocr_line' id='line_1_24' title="bbox 153 2608 816 2672; baseline -0.008 -10"><span class='ocrx_word' id='word_1_146' title='bbox 153 2613 200 2662; x_wconf 71' lang='lat' dir='ltr'>fleo</span> <span class='ocrx_word' id='word_1_147' title='bbox 210 2625 251 2660; x_wconf 82' lang='lat' dir='ltr'>nec</span> <span class='ocrx_word' id='word_1_148' title='bbox 261 2609 336 2660; x_wconf 86' lang='lat' dir='ltr'>otium</span> <span class='ocrx_word' id='word_1_149' title='bbox 346 2609 390 2659; x_wconf 87' lang='lat' dir='ltr'>hoo</span> <span class='ocrx_word' id='word_1_150' title='bbox 400 2623 454 2659; x_wconf 82' lang='lat' dir='ltr'>cum</span> <span class='ocrx_word' id='word_1_151' title='bbox 466 2608 573 2658; x_wconf 78' lang='lat' dir='ltr'>Afriooui</span> <span class='ocrx_word' id='word_1_152' title='bbox 586 2609 642 2672; x_wconf 80' lang='lat' dir='ltr'>otio,</span> <span class='ocrx_word' id='word_1_153' title='bbox 653 2623 696 2660; x_wconf 86' lang='lat' dir='ltr'>uec</span> <span class='ocrx_word' id='word_1_154' title='bbox 708 2610 757 2662; x_wconf 79' lang='lat' dir='ltr'>hec</span> <span class='ocrx_word' id='word_1_155' title='bbox 768 2613 816 2660; x_wconf 79' lang='lat' dir='ltr'>ooli.</span> 
     </span>
    </p>
   </div>
   <div class='ocr_carea' id='block_1_10' title="bbox 0 0 936 2958">
    <p class='ocr_par' dir='ltr' id='par_1_10' title="bbox 0 0 936 2958">
     <span class='ocr_line' id='line_1_25' title="bbox 0 0 936 2958; baseline 0 0"><span class='ocrx_word' id='word_1_156' title='bbox 0 0 936 2958; x_wconf 95' lang='lat' dir='ltr'> </span> 
     </span>
    </p>
   </div>
  </div>
 </body>
</html>
