1858 2946
185 151 232 202 DE
245 151 501 217 omNATIONE,
512 155 572 204 Lm.
586 155 606 204 Ι.
619 155 683 204 Gne.
694 155 736 224 Ι50.
764 155 796 203 to

127 284 441 408 Effloebbtfffi
449 283 800 413 fflffissimniiiiffi

129 413 249 468 sensionis
265 413 354 470 fecilis3
374 413 458 462 divinae
476 424 562 475 autem,
579 415 650 478 poulo
666 415 801 463 obscurior?

130 478 193 537 Quae
204 478 267 525 enim
278 477 344 537 extis,
352 494 405 542 quae
415 479 554 542 fulguribus,
563 495 615 544 quae
624 479 741 543 portentis,
749 495 803 542 quae

130 541 206 600 astris,
225 541 411 604 presumuntur,
425 544 475 591 haeo
488 551 567 590 notata
581 553 635 590 sunt
647 543 803 590 observatione

131 605 250 654 diuturni.
273 606 350 654 Affert
366 616 443 654 autem
454 616 561 666 vetustas,
572 607 679 655 omnibus
690 607 715 653 in
725 609 802 668 rebus,

132 670 263 732 longinquo
273 671 428 718 observatione
438 671 594 720 incredibilem
601 670 733 727 scientium
750 687 804 734 quae

132 743 209 798 potest
223 750 271 782 esse
281 735 351 782 edum
363 735 412 782 sine
422 744 488 783 motu
498 745 568 800 atque
578 735 680 798 impulsu
688 735 802 793 Deorum,

133 811 197 857 oum,
209 799 266 860 quid
278 815 307 846 ex
318 810 410 863 quoque
421 801 518 860 eveniet,
525 809 548 848 et
558 800 615 864 quid
626 815 743 864 quomque
753 813 803 847 rem

135 862 256 926 significet,
268 864 347 911 crebri
357 863 551 914 animadversione
561 871 702 928 perspectum
715 871 755 911 est

167 927 250 974 Altera
260 927 370 975 divinatio
380 937 414 976 est
424 929 535 976 neutralis
548 932 585 982 (ιιι
599 936 652 976 ente
665 927 733 988 dixi),
751 943 804 991 quae

134 991 231 1055 physici
245 991 377 1054 disputandi
391 993 524 1052 subtilitate,
539 992 657 1040 referendo
671 1000 704 1039 est
720 992 750 1040 od
763 1007 804 1039 no-

136 1065 213 1103 torem
223 1055 343 1113 Deorum;
361 1056 429 1119 aquit
437 1060 474 1110 (ut
482 1055 616 1104 doctissimis
625 1056 806 1120 sapientissimis-

136 1135 182 1182 que
200 1120 298 1182 plncuit)
319 1120 412 1168 haustos
429 1121 518 1168 animos
535 1129 563 1168 et*
575 1121 658 1168 libatos
674 1121 804 1169 habemus:

136 1199 238 1248 cumque
248 1183 327 1232 omniu
336 1185 449 1248 completa
459 1193 482 1232 et
491 1185 574 1232 referte
584 1185 629 1232 sint
640 1193 724 1232 ntemo
738 1199 806 1232 sensu

138 1257 162 1295 et
176 1257 255 1295 mente
269 1248 356 1307 divinit,
373 1263 462 1296 neoosse
476 1257 518 1308 est,
530 1249 663 1311 cognatione
674 1249 805 1297 divinorum
883 1294 888 1298 .

137 1312 269 1359 animorum
278 1313 366 1359 animos
374 1313 487 1360 humanos
494 1313 639 1361 commoveri.
657 1313 702 1360 Sed
711 1313 807 1375 vigilan·

137 1385 172 1424 tos
183 1377 255 1424 animi
266 1377 319 1424 vitae
329 1377 498 1426 necessitatibus
506 1377 615 1434 serviunt,
627 1375 808 1486 disjungimtffle

137 1455 162 1488 se
173 1455 187 1487 a
197 1440 304 1488 societate
320 1440 408 1501 divino,
419 1441 499 1489 vinclis
510 1441 609 1503 eorporis
619 1439 730 1502 impediti.

137 1519 191 1552 rum
203 1514 237 1552 est
245 1504 362 1568 quoddam
372 1521 444 1568 genus
455 1521 543 1564 eorum,
551 1504 592 1568 qui
600 1519 623 1551 se
634 1519 748 1566 acorpore
755 1519 809 1552 avo-

137 1579 198 1625 cent,
211 1578 234 1616 et
244 1568 275 1616 od
285 1569 415 1616 divinorum
427 1585 505 1618 rerum
516 1569 668 1632 cognitionem
679 1568 734 1615 curi
744 1568 809 1615 omni

137 1633 261 1696 smdioque
271 1633 396 1696 rapiantur.
418 1633 511 1681 Horum
522 1642 576 1681 sunt
586 1632 682 1696 augurio
692 1647 738 1680 non
750 1632 809 1680 divi-

138 1697 165 1744 ni
174 1697 282 1760 impetitu
295 1697 335 1745 sed
342 1697 435 1746 rationis
444 1699 567 1746 humanu:
585 1712 641 1744 uam
649 1705 671 1744 et
679 1697 763 1744 naturi
769 1696 809 1743 fu-

139 1771 192 1809 tura
202 1761 360 1825 praesentiunt,
371 1771 398 1809 ut
408 1777 521 1826 aquarum
532 1761 652 1820 fluxiones,
664 1770 687 1809 et
697 1761 809 1824 deflogro-
856 1773 857 1776 ’

140 1825 227 1874 tionem
237 1825 341 1872 futuram
349 1825 472 1890 adquando
483 1827 533 1874 coeli
543 1835 612 1890 utque
620 1834 740 1873 terrerum.
757 1825 809 1872 Alii

142 1899 229 1950 autem,
248 1890 273 1936 in
289 1891 406 1954 republicis
422 1891 546 1951 exercitati,
570 1894 607 1944 (ut
627 1889 655 1936 de
670 1889 810 1937 Atheniensi

143 1953 227 2002 Solone
237 1954 376 2018 occepimus)
387 1955 498 2002 orientem
513 1954 657 2018 tyrannidem
671 1953 746 2001 multo
757 1961 811 2001 ante

141 2018 297 2092 prospiciunt:
314 2034 372 2081 quos
383 2018 505 2082 prudentes
515 2034 636 2082 possumus
646 2017 728 2077 dicere,
737 2018 810 2078 idest,

141 2083 285 2145 providentes
294 2099 302 2139 ς
314 2082 402 2131 divinos
408 2084 473 2131 nullo
479 2083 548 2130 modo
556 2098 685 2146 possumus,
693 2097 740 2130 non
747 2083 811 2146 plus,

142 2154 214 2209 quem
226 2147 347 2195 Milesium
358 2145 467 2206 Thulen,
482 2148 531 2210 qui,
547 2156 575 2194 ut
588 2148 743 2210 objurgatores
758 2161 812 2193 suos

143 2210 293 2270 convinceret,
305 2211 484 2274 ostenderetque,
496 2212 565 2259 etiam
575 2210 748 2274 philosophum,
760 2209 779 2257 si
790 2209 813 2258 ei

143 2275 293 2323 commodum
314 2285 380 2335 esset,
397 2276 519 2338 pemmoni
535 2276 608 2323 fecere
626 2289 700 2338 posse,
718 2289 813 2321 omnem

142 2339 227 2397 oleum,
245 2349 369 2404 antequam
388 2339 467 2388 florere
480 2339 595 2403 cepisset,
610 2339 634 2386 in
648 2354 703 2401 agro
719 2338 814 2385 Milesio

143 2403 252 2452 submisse
271 2404 360 2453 dicitiu.
381 2404 584 2452 Animadverterat
601 2402 695 2450 fortusse
712 2401 815 2466 quddam

144 2467 247 2526 scientie,
258 2469 360 2516 oloemm
373 2470 501 2516 ubertatem
516 2469 571 2515 fore.
594 2467 627 2514 Et
643 2466 737 2530 quidem
752 2464 814 2513 idem

144 2532 234 2596 primus
244 2533 394 2580 defectionem
404 2533 466 2592 solis,
475 2549 527 2596 quae
536 2537 640 2594 Astyage
651 2538 760 2594 regnante
767 2528 815 2576 fao

145 2605 223 2653 tuost,
234 2595 458 2662 praetiixissefertun
754 2653 759 2666 .

178 2662 208 2709 L.
233 2661 312 2710 Multa
329 2661 420 2722 inediti,
439 2661 513 2710 multo
530 2662 700 2724 gubunotorcs,
712 2653 817 2718 agricolo
