1862 2964
158 162 204 208 184
248 161 295 209 DE
312 161 468 220 LEGIBUS,
486 161 546 210 11113.
559 161 608 209 111.
626 149 690 210 GAP'.
701 160 725 206 t.

226 296 257 335 to.
274 287 335 336 Ollis
345 277 406 336 salus
416 289 497 352 populi
507 303 614 353 suprerna
623 289 662 336 lex
672 295 727 336 erto
746 285 824 334 Eum·

172 367 209 399 ern
223 351 391 414 magistratum,
409 353 435 399 ni
447 353 591 400 interfuerint
605 353 685 400 desem
698 351 762 411 anni,
780 365 823 397 ne-

155 415 207 479 quis
222 417 304 479 capito.
327 416 454 474 AEvitatem
470 417 548 463 annali
560 417 611 478 lege
626 423 737 464 servants.
764 415 822 473 Ast,

149 478 248 543 *quaudo
258 479 362 528 duellum
372 480 471 542 gravina
483 479 627 527 discordiam
637 479 722 526 civium
733 486 821 537 escunt,

155 559 227 603 oenus,
245 543 388 608 nepamplius
405 559 445 591 ser
459 557 556 602 menses,
573 543 592 590 si
609 550 700 590 senatus
716 542 821 600 omnent,

149 607 216 654 idem
230 608 297 669 juris,
316 607 379 672 quoti
393 608 439 654 duo
453 609 564 665 eonsules,
581 615 671 654 tenetur
688 607 761 669 isque,
778 621 822 653 ave

155 673 246 720 sinistrt
262 672 344 731 dietus,
361 672 441 734 populi
459 671 566 734 magister
584 679 639 718 esto.
663 671 822 733 Equitemque

154 737 196 801 qui
206 744 277 800 reget,
294 737 377 784 hebeto
387 736 437 799 pari
446 735 498 796 jure
508 750 562 782 oum
573 751 608 796 eo,
625 734 766 798 quicumque
778 733 823 781 erit

152 801 211 862 juris
225 801 366 863 disceptator.
392 800 439 846 Ast
453 799 546 862 quando
561 797 664 862 [nonnil]
682 799 703 845 is
719 807 822 859 estma-

153 865 250 928 gisterve
260 863 349 928 populi,
360 863 443 926 reliqui
452 863 598 926 magistratus
608 878 638 910 ne
648 870 724 910 sunto.

185 928 421 990 “Auspiciapstrum
427 936 509 974 sunto:
528 927 614 990 ollique
625 940 653 974 ex
662 925 818 990 sepmtluntu

152 992 193 1056 qui
208 991 325 1038 comitistu
335 1005 409 1038 creare
419 992 523 1039 consules
533 991 576 1038 rits
585 991 679 1054 possint.
706 990 820 1052 Imperia,

150 1063 281 1120 potestates,
289 1054 422 1117 legationes,
430 1071 484 1106 cum
492 1063 583 1109 senatus
591 1054 684 1102 creverit
691 1055 820 1118 populusve

149 1119 250 1181 jusserit,
259 1135 289 1166 ex
296 1121 353 1167 urbe
361 1128 474 1166 exeuntor
487 1119 564 1166 cludis
569 1120 633 1180 justu
638 1120 699 1180 juste
707 1127 818 1180 geruntur

151 1183 216 1231 sotiis
226 1192 351 1245 parcuntur:
369 1199 393 1230 se
403 1192 427 1231 et
436 1199 511 1232 servos
525 1183 669 1230 eontinentur
687 1183 767 1246 populi
781 1183 820 1230 sui

146 1246 249 1312 glorium
259 1257 373 1311 augentur
385 1247 481 1296 domum
492 1262 546 1295 cum
554 1247 622 1294 laude
632 1247 748 1294 redeunto.
771 1246 819 1295 Rei

151 1327 199 1360 suae
213 1327 275 1375 ergo,
292 1314 321 1360 'ne
335 1312 387 1376 quis
398 1313 488 1376 legatus
498 1320 552 1360 esto.
576 1311 658 1359 Plebes
669 1306 727 1374 quos
736 1325 778 1374 pro
793 1327 819 1360 se

145 1386 230 1426 ⁴eontrs
239 1377 297 1436 vim,
308 1376 389 1424 auiuilii
399 1391 461 1439 ergo,
472 1375 550 1424 daoem
560 1376 659 1434 menesii,
670 1375 757 1422 tribuni
767 1377 819 1438 ejus

152 1451 234 1490 muto:
253 1441 361 1506 quodque
368 1441 385 1488 ii
392 1440 551 1504 probibossint,
560 1439 668 1503 quodque
677 1440 770 1502 plebem
779 1449 819 1488 r'o·

150 1507 245 1569 gueint,
257 1516 333 1553 ratum
348 1513 409 1552 esto:
426 1505 543 1568 sanctique
557 1512 639 1552 struto:
656 1517 713 1551 neve
723 1504 817 1566 plebem

151 1573 232 1618 orbam
239 1568 337 1616 tribunis
344 1569 498 1631 relinquunto.
524 1568 612 1616 Omnes
620 1567 765 1630 magistratus
773 1583 818 1616 su-

149 1633 247 1696 spicium
255 1632 415 1700 judiciumque
420 1632 534 1680 habento:
547 1647 576 1680 ex
587 1631 652 1695 quois
659 1640 749 1680 senatus
760 1641 817 1680 estu

148 1695 209 1756 Ejus
223 1695 314 1742 &creta
326 1704 376 1743 rats
386 1703 460 1743 sunto.
487 1697 542 1756 Ast,
557 1697 583 1744 ni
597 1705 695 1760 potestas
709 1711 751 1758 par
764 1711 817 1745 ma-

146 1760 211 1819 jorve
233 1759 376 1821 prohibuerit,
400 1761 603 1808 senatis-consultu
624 1760 748 1824 perscripta
768 1776 817 1808 ser-

147 1830 224 1869 vants.
242 1822 267 1870 ls
281 1822 336 1869 ordo
351 1822 513 1872 vitiorumtor
531 1825 743 1888 eutarisspecimen
758 1833 815 1872 auo.

148 1884 238 1933 creatio
248 1886 433 1948 mug'stratuum,
446 1888 541 1949 J'utlicia,
556 1887 636 1952 pupuli
648 1891 720 1950 jussa,
736 1889 815 1948 vetita,

146 1963 201 2060 qqm
216 1949 324 2012 suffragio
334 1950 507 2011 consumentur,
518 1953 667 2014 optimatibus
677 1961 740 2012 note,
751 1951 816 2015 plebi

159 2013 164 2025 '
182 2029 220 2060 era
230 2021 305 2061 sunto.

179 2077 225 2126 Iv.
242 2079 260 2106 “
269 2077 335 2125 Atsi
348 2077 406 2140 quid
419 2079 471 2137 erit,
487 2079 558 2141 qnod,
575 2087 640 2126 extra
655 2080 812 2142 magistratus,

146 2151 252 2191 ooeratore
262 2157 321 2189 oesus
331 2141 375 2199 sit3
393 2143 434 2205 qui
444 2151 519 2201 oraret,
530 2143 629 2205 populus
640 2153 729 2200 creato3
744 2144 813 2207 eique

143 2206 182 2268 jus
193 2205 290 2254 ooerandi
305 2207 365 2252 (lato.
391 2207 452 2253 Cum
461 2207 552 2268 'populo
566 2207 714 2271 patribusque
728 2209 813 2270 agendi

142 2271 181 2329 jus
192 2279 241 2316 esto
250 2270 345 2328 consuli,
357 2270 456 2332 praetori,
471 2270 580 2331 magistro
594 2271 682 2333 populi,
694 2273 812 2334 equitum·

143 2347 198 2394 qua,
214 2333 289 2396 eique,
304 2349 373 2397 quem
387 2333 488 2396 produnt
502 2343 577 2396 patras
591 2335 712 2382 consulum
727 2351 811 2398 rogan.

142 2395 226 2442 (lorum
237 2412 308 2459 ergot
325 2395 475 2458 tribunisque,
491 2411 549 2458 quos
563 2397 606 2444 sibi
616 2399 694 2460 plebes
704 2401 810 2462 rogassit,

142 2460 182 2520 jus
196 2467 243 2506 esto
260 2475 314 2510 cum
331 2461 434 2524 putribus
448 2459 547 2522 agendh
564 2461 644 2519 iidem,
660 2461 691 2508 ad
706 2464 810 2525 plebem,

137 2523 205 2598 ¹qtuul
216 2539 274 2598 oesus
285 2524 335 2583 erit,
346 2523 444 2570 feruntu-
465 2523 530 2596 'Quae
540 2538 594 2571 tum
603 2526 698 2588 populo,
709 2541 810 2590 quaeque

144 2586 661 2713 m‘pssteqqqangqntpuqeptffltpupppoew
679 2661 723 2701 sut
737 2655 809 2718 culpa
