1856 2952
334 55 578 140 PHAENOMpNA.
740 57 787 111 457

118 186 239 235 Nondum
249 195 298 234 tota
308 193 388 249 patetz
405 201 462 233 nem
473 185 570 232 caudam
582 184 681 248 contegit
691 185 783 231 umbre.

119 251 141 299 J
142 265 182 298 am
194 251 302 298 dextrum
312 264 394 313 genus,
406 259 429 298 et
439 249 569 296 decoratam
580 248 669 297 lumine
681 263 769 306 suram,

121 313 204 378 Erigit
214 315 262 373 ille,
273 329 356 362 means
365 313 460 377 vulgato
468 312 569 371 nomine,
582 313 669 368 Nixus,
746 312 795 358 403

123 378 178 437 Qui
190 379 254 428 Fidis
264 379 383 427 Arradicae
394 394 483 442 semper
493 377 591 425 confinia
602 378 691 440 tangit3

121 445 208 502 Quem
219 453 285 491 nocte
295 443 432 490 exstinctum
440 450 509 505 atque
517 449 622 490 exortum
634 442 733 488 vidimus
740 437 796 502 uni,

98 555 102 566 ,
125 509 236 571 Persrrpe
246 515 273 556 ut
283 507 382 571 pervum
391 515 485 554 tranans
495 504 644 568 geminaverit
654 507 741 553 orbem.

44 569 46 573 ⁴
127 573 179 620 Hic
190 587 263 636 genus
274 579 297 620 et
307 587 385 619 suram
396 586 450 618 cum
462 570 542 618 Chelis
552 570 619 632 erigit
629 571 688 618 alte:

128 636 186 699 Ipse
196 645 273 684 autem
284 651 384 700 preceps
391 635 488 683 obscuri
496 642 561 682 nocte
571 642 668 694 tenetur,

128 699 199 748 Dum
210 702 279 763 Nepa
289 709 312 748 et
322 700 457 748 Arcitenens
467 699 566 746 invisent
576 697 666 745 lumina
676 697 742 754 coeli;

130 765 198 812 Nam
209 778 285 812 secum
294 765 397 812 medium
406 763 493 827 pandet
503 763 586 826 Neps3
600 762 678 810 tollere
689 762 798 810 verello

129 827 162 876 Iu
174 829 257 877 culum
268 837 343 877 totum
354 829 458 876 exoriens
468 827 587 875 conabitur
598 826 681 874 Arcus.

131 893 190 951 Hic,
202 893 275 941 tribus
286 893 359 941 elatus
370 908 423 941 cum
435 892 515 956 signis,
526 905 619 954 corpore
629 900 678 938 toto

132 957 224 1013 Lucets
241 966 265 1005 at
275 958 376 1005 exoritur
386 957 463 1005 medii
473 956 577 1020 de'purte
587 955 694 1011 eorona;

132 1021 260 1086 (laudaque
271 1022 379 1070 Centauri
390 1029 492 1070 extremo
502 1020 599 1069 candore
609 1019 715 1083 refulget
752 1019 801 1066 414

133 1086 184 1135 Hic
194 1103 218 1136 se
226 1089 277 1149 jam
288 1095 363 1134 totum
374 1102 444 1134 cerus
454 1087 538 1149 Equus
549 1083 613 1132 abdit
623 1083 647 1130 in
658 1085 761 1144 umbras,

132 1152 213 1211 Quem
223 1150 294 1198 rutilis
303 1151 395 1214 hilgens
405 1150 487 1214 plumt
497 1149 640 1213 prsetervolat
650 1149 716 1196 Ales.

133 1215 226 1264 Occidit
236 1213 393 1262 Andromede
404 1216 491 1262 clarum
504 1221 589 1276 caput3
607 1221 630 1260 et
641 1212 689 1260 fera
699 1211 786 1260 Pistrix

134 1279 243 1336 Labitur,
254 1277 373 1326 horribiles
383 1279 462 1342 epulas
471 1278 563 1326 hinesta
572 1277 696 1340 requirens.

136 1343 207 1392 Hauc
217 1350 295 1392 contra
307 1343 414 1406 Cepheus
424 1357 470 1390 nou
480 1351 552 1390 cesset
561 1341 654 1390 tendere
664 1339 760 1404 palmas

135 1405 184 1455 Illa
195 1407 309 1470 usquead
319 1408 410 1470 spinam
420 1420 525 1470 mergens
532 1405 736 1454 secoerulacondit.
754 1405 804 1454 420
907 1461 911 1468 ,

136 1472 174 1520 At
185 1469 293 1536 Cepheus
303 1479 373 1534 caput
382 1479 451 1535 atque
461 1471 577 1530 humeros,
588 1469 732 1534 palmesque,
740 1469 805 1518 recli-

233 1543 282 1582 nat.

138 1600 200 1650 Cum
211 1615 264 1648 vero
274 1599 309 1647 vis
320 1605 353 1647 eu
364 1599 485 1648 vehemens
496 1605 574 1646 exorta
584 1599 671 1662 Nepai,

139 1667 199 1715 laete
210 1664 263 1713 fusa
272 1664 352 1712 volans
362 1663 389 1710 in
398 1671 468 1710 terras
477 1663 564 1712 labitur
573 1661 652 1718 undas

139 1731 260 1794 Orionque
269 1737 333 1777 metu
344 1727 462 1793 perculsus
472 1725 580 1775 conditur
587 1727 643 1774 unt.

139 1795 208 1853 Pace,
218 1795 289 1856 hujus
299 1794 366 1842 liceat
376 1807 469 1841 causam
480 1791 614 1856 explicuisse
624 1791 721 1852 timoris,
756 1792 805 1840 425

140 1859 222 1921 Virgo,
233 1859 290 1906 tuhr
307 1857 374 1916 mihi,
386 1872 471 1920 queso,
483 1856 536 1904 veni
546 1857 644 1920 placata,
655 1855 740 1904 Diana.

142 1922 200 1970 Haec
210 1922 273 1970 fama
283 1930 318 1970 est
328 1921 465 1978 hominum
482 1920 657 1984 hecperterras
665 1921 727 1969 fama
738 1937 807 1986 vegs-

236 1993 275 2033 tur
282 2002 290 2016 ·
869 2012 888 2026 .-

141 2050 175 2099 ut
185 2019 302 2126 ,routh
312 2047 504 2098 oruamentum
515 2047 611 2096 nouere
621 2047 724 2096 urum
912 2091 913 2116 ,

142 2114 241 2173 Diutur,
253 2113 346 2162 excelsis
357 2113 468 2162 arausio
479 2113 575 2162 uallibus
585 2127 673 2172 ameris,
787 2108 802 2136 '³
912 2123 913 2132 ¹

143 2178 208 2237 Quos
218 2186 281 2226 teuet
291 2179 374 2241 AEgaeo
384 2177 461 2226 defixa
470 2177 495 2225 iu
505 2177 596 2240 gurgite
607 2175 696 2253 Chius,
758 2177 808 2226 leo
912 2179 913 2190 ¹

74 2287 77 2293 ,
145 2241 257 2292 Bacchica
266 2257 338 2307 quam
348 2241 415 2291 viridi
425 2241 535 2290 convestit
544 2241 646 2306 tegmine
656 2242 725 2290 viere

143 2308 187 2356 llle
197 2306 256 2354 feras
267 2321 343 2355 vecors
353 2307 439 2354 amenti
449 2306 516 2355 corde
526 2307 630 2366 noeabat,

144 2371 280 2435 (Euoplonis
291 2386 360 2420 avens
370 2371 449 2434 eprrlos
458 2385 539 2419 ornare
549 2370 653 2419 nitentes.

144 2437 177 2484 At
187 2451 248 2495 vero,
259 2435 355 2500 pedibus
365 2435 441 2484 subito
450 2434 555 2500 perculsa
565 2433 657 2495 Diana,

143 2499 221 2548 Insula
231 2499 347 2558 discessit3
364 2499 502 2576 disjectaque
511 2515 568 2548 saxa
578 2499 689 2549 revellens
759 2501 806 2550 4³5

144 2565 250 2623 Perculit,
261 2572 285 2612 et
295 2579 363 2614 cecus
372 2565 478 2614 lustrant
487 2564 539 2613 luce
548 2563 659 2620 lacunam

128 2664 131 2672 ,
172 2631 285 2689 (Philet.)
299 2643 362 2678 vos.
377 2643 416 2678 ιν.
614 2631 660 2676 212
