1862 2964
134 149 181 232 aaa
240 183 287 232 na
305 181 461 243 osricus
473 181 533 231 nm.
548 183 569 230 1.
583 181 645 231 car.
661 149 698 231 ιι.

131 310 201 372 igitur
211 319 234 358 et
244 312 299 360 talia
308 310 511 375 circumspicienda
521 307 614 359 suntin
630 311 694 358 omni
709 309 802 366 officio;

131 383 154 422 et
165 376 303 424 consuetudo
313 376 489 439 exercitatioque
500 375 619 440 capienda,
630 375 722 424 utboni
732 374 804 420 ratio·

130 437 239 486 cinatarcs
250 440 376 488 officiorum
388 437 435 487 css'c
441 440 562 504 possimus,
574 448 604 499 et,
616 439 720 486 addendo
729 437 804 484 dedu-

127 502 254 566 cendoque,
267 504 352 564 videre,
364 521 417 567 qua
429 505 512 568 reliqui
527 519 618 552 summa
626 503 682 550 fiat:
700 517 733 566 ,exp
745 516 803 564 quo,

93 593 98 602 ,
129 576 244 632 quantum
264 568 346 632 cuique
356 568 473 626 debeatur,
483 567 603 632 intelligas.
630 617 633 624 Α
726 573 727 576 ’

154 631 218 690 Sed,-
231 641 258 680 ut
272 647 314 679 nec
326 633 414 680 medici*
423 647 464 679 nec
478 632 623 702 imperatores
634 645 676 678 nec
686 637 798 687 oratores,

132 697 239 760 quamvis
250 697 304 746 artis
313 705 425 765 precepta
434 695 582 760 perceperint,
594 695 721 760 quidquam
732 709 800 755 mag-

130 760 162 818 ni
172 761 240 808 laude
251 761 347 826 dignum
359 761 407 808 sinc
422 776 466 807 usu
481 769 504 807 et
517 759 676 806 exercitatione
691 757 801 820 consequi

161 833 242 881 ssunt;
259 825 290 872 sic
305 823 373 872 officii
388 823 534 872 conservandi
550 821 800 887 pracceptatraduntur

130 888 171 934 illa
192 888 294 951 quidem,
316 896 343 937 ut
363 887 461 934 iacimus
477 887 536 951 ipsi:
554 886 594 935 sed
611 887 643 934 rei
661 884 800 948 magnitudo

130 967 198 998 usum
216 966 308 1017 quoque
326 952 554 1015 exercitationemque
570 951 690 998 desiderat.
706 950 798 1012 Atque,

45 1021 51 1030 '
130 1017 159 1062 ab
178 1014 206 1062 iis
224 1017 291 1062 rebus
307 1030 361 1079 quae
377 1014 472 1062 suntin
487 1017 539 1076 jure
552 1014 662 1062 societatis
677 1013 797 1072 htunanae,

130 1077 325 1146 quemadmodum
343 1079 439 1130 ducatur
457 1079 589 1139 honestum,
605 1093 634 1126 ex
651 1092 698 1140 quo
713 1085 798 1140 aptum

128 1142 282 1201 estofficium,
293 1141 402 1190 satisfere
412 1143 521 1191 diximus.
606 1153 610 1161 '
650 1155 652 1158 '

160 1206 339 1268 Intelligendum
356 1221 389 1255 est
402 1215 488 1266 autem,
500 1222 553 1255 cum
568 1204 683 1270 proposita
697 1205 744 1253 sint
755 1221 797 1268 ge-

127 1285 182 1318 nera
192 1279 298 1334 quatuor,
310 1287 323 1320 e
335 1271 419 1335 quibus
433 1271 539 1319 honestas
553 1271 699 1334 officiumque
714 1285 796 1325 mana·

129 1343 173 1394 ret,
195 1335 403 1404 splendidissimum
424 1335 503 1393 videri,
521 1333 582 1398 quod
604 1334 681 1381 animo
699 1347 795 1396 magno,

128 1400 242 1463 elatoque,
260 1399 418 1466 humanasque
436 1415 471 1448 res
487 1398 630 1463 despiciente,
648 1397 736 1454 sactum
757 1398 794 1455 sit.

128 1463 212 1528 Itaque
233 1464 257 1512 in
278 1463 366 1528 probris
385 1464 487 1512 maxime
501 1463 526 1510 in
539 1470 632 1526 promtu
647 1471 689 1522 est,
704 1462 724 1510 si
739 1453 798 1525 quid

129 1529 175 1576 tale
185 1527 231 1576 dici
239 1536 331 1593 potest:

159 1620 177 1646 ‘⁶
188 1617 238 1665 Vos
257 1617 349 1676 etenim,
366 1618 470 1677 juvenes,
491 1616 595 1666 animum
611 1615 689 1679 geritis
706 1615 792 1664 mulie-

66 1761 69 1770 -
132 1727 136 1797 ς
159 1680 376 1805 affilas·

126 1855 150 1898 et
160 1847 179 1896 ei
190 1845 247 1911 quid
257 1847 387 1909 ejusmodi:

130 1983 135 1991 .
159 1938 177 1964 “
188 1936 296 1998 Salmaci,
307 1937 338 1988 (la
347 1938 428 2002 spolia,
439 1938 488 1987 sine
497 1938 579 1987 sudore
590 1947 612 1986 et
623 1939 759 2002 sanguine.”

126 2041 257 2107 Contrmue
266 2044 291 2091 in
301 2043 416 2103 laudibus,
427 2059 480 2107 qua
489 2058 575 2106 magno
589 2041 675 2104 animo,
690 2049 713 2090 et
727 2042 793 2091 forti-

125 2116 160 2158 ter
177 2107 362 2172 excellentarqua.
373 2115 436 2174 gesta
452 2117 514 2169 srrnt,
525 2123 560 2165 ea,
571 2107 646 2154 nescio
664 2108 790 2170 quomodo,

125 2171 192 2235 quasi
201 2171 302 2236 pleniore
317 2171 356 2219 ore
365 2171 493 2219 laudamus.
520 2171 584 2218 Hinc
596 2169 712 2218 rhetorum
726 2186 790 2218 cam-

126 2252 170 2298 pus
184 2236 213 2283 dc
227 2235 374 2297 Marathone,
389 2236 512 2294 Salamine,
526 2235 627 2292 Plateis,
644 2233 791 2300 'I'herrnopy-

125 2299 162 2358 lis,
175 2299 292 2358 Leuctris:
309 2299 363 2348 hinc
381 2308 456 2346 noster
473 2295 560 2357 Cocles,
576 2297 629 2352 hinc
646 2297 721 2354 Decii,
735 2298 791 2346 hinc

126 2361 170 2409 Cn.
182 2370 205 2408 et
216 2363 243 2411 P.
255 2364 378 2428 Scipiones,
398 2361 452 2410 hinc
462 2362 499 2408 M.
509 2361 643 2420 Marcellus,
658 2361 791 2419 innumera.

124 2425 227 2488 bilesque
245 2427 300 2475 alii:
325 2426 471 2488 maximeque
483 2426 535 2488 ipse
552 2426 652 2488 populus
669 2425 791 2474 Romanus

125 2487 197 2536 animi
210 2491 368 2552 magnitudine
382 2489 477 2537 excellit.
505 2488 641 2536 Declaratur
651 2496 728 2535 autem
739 2497 789 2536 stu-

119 2552 189 2600 dium
199 2553 285 2600 bellicas
300 2550 385 2616 g'loriae,
397 2552 458 2617 quod
473 2560 559 2600 statuas
573 2567 665 2616 quoqne
682 2551 789 2601 videmus

124 2625 205 2679 ornatu
216 2615 262 2664 fere
272 2617 372 2666 militari.

153 2679 225 2740 xix.
250 2681 295 2738 Sed
306 2695 332 2732 ea
342 2680 413 2732 anitni
424 2681 498 2741 elatio,
511 2695 562 2746 qua
573 2681 671 2730 cernitur
684 2679 709 2727 in
724 2680 786 2742 peri,
