1856 2952
154 167 203 218 wll
309 165 357 218 DE
372 163 552 226 amolum,
567 163 682 220 (laram
780 179 782 188 ·

153 303 194 344 est.
210 293 300 358 Atque,
311 303 339 343 ut
348 293 379 343 ad
388 309 428 344 me
436 294 537 356 ιειὶιιιιιι,
548 292 695 352 mministis,
705 291 738 352 Q·
749 290 827 340 Max-

152 359 209 418 imo,
228 357 298 407 tratre
319 359 439 422 Scipionis,
462 369 486 408 et
503 359 533 406 Is.
550 357 663 406 Mancino
680 357 824 416 oonsulibus,

153 437 225 486 quam
240 423 357 486 popularis
373 424 412 472 lex
425 423 454 471 de
469 422 597 474 sacerdotiis
613 421 735 470 &Licinii
745 421 825 482 erasm

152 486 273 536 videbatur
281 504 288 534 t
301 487 415 551 cooptatio
424 487 486 534 enim
497 487 645 550 oollsgiorum
656 485 686 534 sd
693 485 774 549 populi
782 487 826 532 be«
915 515 916 522 ι

152 551 261 598 nefioium
271 551 455 600 transferebatur.
478 552 559 614 Atque
569 551 589 598 is
598 550 701 614 primum
713 549 823 608 instituit,

154 615 273 662 insonum
289 631 375 675 versus,
394 631 460 678 agere
472 631 530 663 oum
546 615 648 678 populo:
666 622 743 664 tamen
760 613 828 661 illius
915 621 916 674 J

154 679 293 728 vendibilem
304 680 429 728 orationem
438 680 518 742 religio
529 679 634 726 Deorum
645 677 825 737 immortalium,

153 743 219 792 nobis
229 743 411 802 defendentibus,
423 743 488 791 facila
496 743 607 791 vincebat.
623 743 705 806 Atque
712 741 737 789 id
744 751 825 790 samm

152 807 826 934 ”bombum

154 935 196 983 sna
205 923 298 983 resena
308 943 348 982 ssa
478 904 485 932 '

186 999 284 1048 XXVI.
296 999 368 1058 Quod
378 999 397 1046 si
407 998 432 1046 in
443 999 510 1048 soant
521 998 558 1060 [id
568 1007 610 1059 ast,
621 999 645 1046 in
656 998 786 1062 motione1,
797 997 824 1046 in

152 1063 201 1126 qut
210 1064 278 1110 rebus
288 1063 346 1110 fictis
356 1071 379 1110 st
389 1063 531 1111 adumbratis
539 1064 584 1112 looi
594 1063 721 1126 plurimum
733 1071 775 1122 est,
786 1071 825 1110 ta-

151 1140 207 1174 men
220 1141 301 1174 verum
314 1128 374 1175 valet
385 1127 415 1181 (si
424 1127 494 1176 modo
504 1127 528 1174 id
538 1127 679 1191 patefactum
689 1135 713 1176 st
721 1126 825 1176 illustra·

151 1198 204 1237 tum
218 1198 271 1250 est),
282 1191 340 1254 quid
349 1192 374 1238 in
385 1192 486 1241 amicitii
495 1192 544 1240 fieri
554 1200 651 1255 oportet,
663 1207 715 1255 qun
724 1199 774 1238 tota
783 1206 826 1239 vs-

151 1253 219 1302 ritate
232 1270 249 1318 p
290 1256 399 1304 enditur?
416 1256 440 1302 in
451 1255 498 1320 qui
509 1255 552 1303 nisi
563 1260 600 1321 (ut
610 1257 703 1314 dicitur)
716 1264 824 1318 apertum

151 1329 231 1382 peetus
245 1319 269 1368 vi
285 1335 331 1380 eas,
347 1328 461 1384 tuumque
470 1317 582 1380 ostendis,
597 1321 656 1366 nihil
670 1315 751 1377 fidum,
763 1319 825 1367 nihil

150 1384 296 1448 exploratum
310 1385 409 1432 habeasz
427 1399 456 1432 ne
470 1399 546 1431 amare
561 1384 664 1448 quidem,
683 1393 723 1431 aut
733 1383 823 1440 amari3

153 1457 219 1508 oum‚'
234 1449 259 1496 id
273 1464 344 1512 quam
362 1464 413 1497 vere
427 1449 476 1510 fiat,
494 1449 590 1512 ignores.
614 1448 764 1510 Quamquam
780 1448 825 1495 ista

152 1513 282 1572 assentatio,
293 1513 399 1576 quamvis
408 1513 533 1576 perniciosa
547 1513 585 1572 sit,
600 1527 680 1560 nooere
694 1521 770 1559 mma
782 1527 825 1560 ne·

135 1655 136 1658 κ
151 1576 303 1698 slt‘tt
312 1575 826 1704 ltsslsstttmtstttt

151 1703 261 1763 maxime,
277 1703 318 1767 qui
333 1703 381 1766 ipse
395 1704 439 1752 sibi
449 1713 583 1764 assentetur,
594 1713 618 1752 et
627 1720 652 1752 se
661 1704 762 1751 maxime
772 1704 825 1767 ipss

149 1767 252 1814 delectet

114 1872 116 1880 ,
181 1830 285 1878 Omnino
293 1838 327 1878 est
337 1847 417 1879 amans
425 1833 461 1880 sui
472 1832 558 1882 virtum
571 1833 658 1896 optime
665 1832 727 1880 enim
736 1847 760 1879 se
769 1817 827 1895 ipsa

148 1895 228 1951 novit3
245 1911 362 1958 quamque
372 1897 477 1945 amabilia
488 1897 526 1957 sit,
537 1898 652 1960 intelligit
676 1896 730 1958 Ego
741 1905 829 1946 autem

149 1973 196 2007 non
207 1959 236 2008 de
244 1960 328 2008 virtute
338 1975 400 2010 nune
409 1962 500 2024 loquor,
512 1961 551 2009 sed
562 1962 590 2010 de
601 1962 690 2010 virtutis
698 1961 823 2024 opiniones

149 2025 234 2072 virtute
248 2025 310 2072 enim
320 2024 371 2087 ipsi
380 2040 427 2073 non
438 2035 487 2073 tam
501 2026 570 2073 multi
580 2027 671 2089 proditi
682 2041 737 2083 esse,
749 2040 828 2089 quam„

149 2089 229 2146 videri,
242 2089 328 2137 volunt.
346 2089 397 2137 Hos
408 2089 505 2138 delectat
515 2091 651 2138 assentatio:
663 2091 699 2138 his
713 2090 780 2138 fictus
790 2089 823 2138 ad

147 2154 251 2216 ipsorum
259 2155 400 2201 voluntatem
409 2169 544 2202 sermonum
552 2155 683 2213 solabatur,
693 2153 822 2202 orationem

148 2217 214 2264 illam
228 2231 312 2265 vanam
328 2218 484 2266 testimonium
498 2234 545 2266 esse
558 2218 656 2266 laudum
671 2233 765 2266 suarum
776 2233 824 2281 pu-

43 2283 46 2292 '
148 2289 206 2328 tsnt.
224 2281 298 2328 Nulla
309 2289 342 2329 est
352 2281 422 2344 igitur
429 2281 479 2334 hac
486 2282 594 2342 amicitis,
606 2298 661 2330 oum
670 2283 729 2330 alter
739 2297 823 2331 vorum

148 2345 227 2392 andire
241 2360 288 2392 non
303 2344 361 2404 vult,
377 2346 435 2393 alter
448 2346 479 2393 ad
495 2347 656 2394 mentiendum
669 2355 764 2410 paratus
778 2354 822 2395 est.

148 2407 200 2456 Neo
210 2409 361 2471 parasitorum
374 2409 399 2456 in
413 2411 529 2458 oomoediis
539 2411 660 2458 assentatio
670 2411 738 2461 nobis
747 2411 825 2459 sumta

147 2472 269 2533 videretur,
281 2473 325 2520 nisi
336 2483 409 2522 essent
419 2473 509 2522 Milites
518 2474 625 2522 Gloriosi.

180 2563 197 2590 ‘⁶
206 2561 307 2624 Magnas
316 2578 370 2611 vero
380 2579 447 2626 agere
456 2563 540 2626 gratias
550 2563 626 2612 Thais
637 2563 697 2612 mihi
705 2563 735 2612 ?”

144 2665 205 2720 Satis
218 2676 266 2716 erat
274 2667 419 2730 respondere,
431 2670 449 2698 “
460 2669 560 2734 Magnas
568 2669 593 2718 ='’
606 2671 624 2700 “
633 2669 773 2733 hrgautes,”
783 2670 830 2724 in.¹
