1864 2958
215 159 575 241 linUmcIIe,l1r.111.
592 181 656 231 cn.
668 179 706 231 ra
745 166 793 232 'sn'

145 307 223 356 uidem
239 306 368 368 Rhodium,
383 306 521 372 discipulum
535 309 641 370 Panaetii,
652 310 717 361 video
731 309 756 360 in
767 313 796 361 iis

127 325 201 433 ibris,
213 389 271 448 quos
285 373 314 420 de
328 372 412 421 Officio
427 373 515 436 scripsit
528 373 560 433 Q.
569 374 696 433 Tuberoni,
712 377 794 443 dieere,

128 439 242 513 Sapientis
261 453 317 495 esse,
335 437 394 484 nihil
411 447 489 484 eontra
506 454 588 496 mores,
606 440 675 502 leges,
692 441 797 490 institute

126 502 258 561 iuuentem,
277 502 362 550 habere
379 502 491 550 rationem
509 503 542 550 rei
559 503 683 551 familiaris
712 506 797 570 Neque

127 567 191 616 enim
202 568 277 614 solum
292 567 357 614 nobis
371 566 452 613 divites
467 582 514 614 esse
528 568 642 624 volumus,
657 567 695 615 sed
709 570 795 631 liberis,

127 631 798 766 ffillnfflufflsstffdllffuffi‘l:

128 761 189 811 tatis.
218 760 282 808 Huic
301 759 407 807 Scaevolae
425 759 513 806 factum
532 758 571 814 (de
606 775 637 806 uo
651 761 725 835 peulo
743 771 798 811 unte

127 825 188 883 dixi)
207 825 296 889 placere
314 824 379 870 nullo
395 823 465 870 modo
480 832 561 886 potest.
588 775 683 872 {terum
703 826 797 875 omnino

127 899 220 938 umtmu
231 905 255 937 se
265 898 334 953 negat
344 888 459 935 factunm
467 888 596 952 uompendii
604 887 640 936 sui
648 889 724 949 musi,
734 891 797 953 quod

128 955 266 1031 nontliaeat.
301 953 369 1028 Huie
382 967 426 1028 nec¹
439 951 490 1000 laus
503 968 591 1028 magns
606 953 735 1030 tribuenda,
755 969 797 1004 uec

128 1027 261 1142 {1¹:122ss
275 1017 399 1146 ,³3:¹3
409 1016 524 1140 &illle
535 1017 798 1146 iinlnlitllt

127 1149 205 1196 mulus
217 1162 264 1194 non
275 1155 389 1194 versetur:
408 1146 454 1193 sive
468 1145 504 1192 vir
516 1148 591 1194 bonus
605 1155 639 1194 eet
653 1147 672 1194 is
688 1147 729 1211 qui
744 1163 797 1212 pro-

128 1213 186 1271 dest,
199 1212 283 1276 quibus
293 1219 375 1274 potest,
387 1218 452 1258 nocet
462 1209 558 1269 nemini,
570 1219 628 1258 uerte
638 1211 708 1258 istum
720 1213 797 1260 virum

127 1279 216 1326 bonum
227 1290 274 1324 non
284 1275 351 1322 facile
363 1274 507 1338 reperiemus.
531 1273 661 1338 Nunquam
676 1275 748 1337 igitur
762 1285 797 1324 est

128 1342 186 1390 utile
196 1354 296 1406 peceare,
308 1339 363 1403 quia
374 1353 463 1401 semper
473 1347 506 1385 est
521 1346 602 1402 turpe:
619 1347 650 1398 et,
666 1340 721 1402 quis
735 1355 796 1388 sem.

127 1422 170 1470 per
189 1414 222 1453 est
239 1407 370 1465 honestum,
387 1402 464 1450 virum
481 1404 569 1450 bonum
585 1417 641 1462 esse,
658 1417 747 1467 semper
763 1411 796 1453 est

126 1471 232 1583 uulpw·
252 1531 335 1582 Aede
351 1533 404 1594 jure
419 1530 513 1608 quidem
528 1530 666 1594 prediorum
683 1531 796 1581 sancitum

128 1607 162 1648 est
174 1597 237 1662 apud
251 1613 292 1645 nos
305 1597 357 1658 jure
371 1595 440 1654 civih,
456 1605 491 1654 ut,
507 1595 531 1643 in
547 1595 584 1643 his
598 1595 730 1656 vendendis,
742 1597 797 1646 vitia

127 1663 264 1721 dicerentur,
274 1678 326 1726 quoe
337 1669 391 1708 nota
402 1669 475 1708 esseut
485 1659 603 1709 venditori.
620 1661 756 1720 Nemeum
768 1675 797 1711 ex

128 1725 183 1778 x11
194 1727 278 1776 tabulis
289 1726 343 1774 setis
353 1736 410 1772 esset
420 1740 444 1772 es
456 1725 566 1788 prestari,
575 1739 628 1790 quae
636 1734 709 1773 essent
716 1725 798 1790 lingui.

128 1800 269 1855 nuncupata,
287 1806 339 1854 quae
355 1790 396 1852 qui
411 1789 524 1837 inficiatus
540 1798 605 1849 esset,
622 1789 688 1853 dupli
705 1805 797 1854 poenum

129 1857 232 1913 subiret,
255 1871 269 1902 a
283 1853 443 1915 Jureconsultis
459 1853 528 1901 etiam
544 1853 665 1902 reticentiae
681 1869 748 1918 poenu
764 1864 798 1903 est

129 1920 258 1968 eonstitute.
282 1917 403 1980 Quidquid
419 1916 480 1964 enim
495 1926 551 1965 esset
566 1917 590 1964 in
605 1919 691 1981 praelio
704 1919 761 1977 vitii,
773 1919 799 1967 id

130 1992 266 2042 statuerunt,
278 1982 297 2030 si
308 1981 412 2030 venditor
422 1982 496 2040 sciret,
507 1981 551 2028 nisi
562 1981 699 2029 nominatim
709 1981 797 2031 dictum

130 2057 196 2106 esset,
207 2046 310 2112 prestari
319 2053 429 2109 oportere.
452 2045 495 2102 Ut,
507 2059 560 2092 eum
575 2045 600 2091 in
613 2059 663 2092 aree
673 2047 797 2108 augurium

130 2127 229 2176 augures
247 2110 319 2159 acturi
339 2118 420 2167 essent,
440 2109 605 2172 iussissentque
623 2107 654 2156 Τ.
672 2109 797 2158 Claudium

131 2175 306 2234 Centumalum,
326 2174 367 2238 qui
386 2173 445 2220 aedes
463 2173 488 2220 in
508 2171 674 2220 caeliomonte
689 2173 796 2235 habebat,

131 2240 236 2288 demoliri
258 2255 292 2298 ea,
314 2253 414 2303 quorum
436 2236 533 2284 altitudo
555 2236 653 2284 officeret
673 2237 796 2300 auspiciis3

130 2304 244 2353 Claudius
264 2301 394 2368 proscripsit
412 2301 529 2348 insulam:
553 2300 670 2349 vendidit:
693 2301 749 2348 emit
768 2301 797 2349 P.

130 2367 270 2433 Calpurnius
281 2366 408 2415 Lanarius:
426 2365 480 2414 huic
490 2367 520 2412 ab
531 2364 657 2428 auguribus
666 2364 725 2412 illud
735 2365 797 2414 idem

130 2433 292 2482 denuntiatum
303 2440 343 2479 est
367 2431 451 2494 Itaque
461 2429 600 2493 Calpurnius
611 2443 664 2476 eum
675 2429 798 2478 demolitus

129 2507 196 2556 esset,
207 2498 379 2560 eogndssetque,
391 2494 515 2569 Claudium
527 2494 585 2541 aedes
604 2559 610 2570 .
624 2557 631 2568 ⁵
644 2559 650 2570 .
686 2495 798 2568 proscrip-

128 2561 192 2673 {ii’
201 2575 273 2674 ln
280 2561 516 2688 {iiiiiilffili
523 2558 798 2684 lulum:

129 2683 186 2738 teret
196 2697 226 2739 ex
236 2687 281 2738 nde
290 2687 376 2738 boni?
393 2685 430 2736 Μ.
437 2686 495 2736 Cato
505 2685 640 2736 sertertium
648 2687 715 2746 dixit,
727 2683 799 2748 hujus
