1858 2946
210 156 258 210 nn
268 143 519 223 nrvrnnnoun,
533 143 593 210 uns.
605 161 641 210 11.
653 159 717 210 on.
727 161 750 208 5.
783 159 815 216 ⁵7

144 287 342 352 phdomphorum.
378 291 444 352 Quid
457 291 488 340 de
501 289 594 340 officio?
611 305 669 338 num
682 290 734 354 quis
744 287 815 336 bant-

145 353 231 416 spicem
241 355 350 416 ¹consulit,
362 356 558 419 quemadmodum
570 356 599 403 sit
609 371 663 406 cum
673 354 815 418 perentibus,

144 431 199 464 cum
209 417 326 478 fratribus,
339 435 393 468 cum
404 421 491 479 amicis,
506 419 649 468 vivendum?
666 418 815 482 quemadmo-

144 480 203 528 dum
221 483 335 530 utendum
371 485 470 533 eeunii?
493 483 689 549 quemadmodum
708 482 814 530 honore?

161 545 342 595 uemadmodum
352 549 468 612 imperio?
484 549 526 596 Ad
537 549 648 612 sapientes
659 548 716 606 haec,
728 561 774 594 non
786 545 816 593 sd

162 609 242 669 'viros
259 611 337 659 referri
352 613 431 660 solent.
455 613 540 673 Quid?
557 629 609 676 quae
620 610 765 658 sdialeeticis
776 619 817 658 eut

145 673 245 736 physicis
255 683 390 736 tractantur,
402 692 459 725 num
471 678 522 744 quis
533 692 613 724 eorum
624 676 725 723 divinare
731 682 815 749 poten,

145 751 236 785 unusne
250 741 352 788 mundus
370 741 407 802 sit,
424 757 454 789 an
470 743 566 805 plures?
583 757 635 804 quie
650 740 696 787 sint
705 739 771 785 imtie
781 754 816 786 re-

145 817 208 863 rum,
225 818 255 850 ex
266 803 350 868 quibus
365 814 490 854 nascuntur
500 805 596 854 omnia?
620 803 772 867 Physicorum
783 811 817 850 est

146 864 190 912 ista
204 868 333 930 prudentia.
356 869 501 932 Quomodo,
519 877 560 918 eut
570 869 728 927 mentientem,
746 882 817 930 quem

145 929 273 991 deuiopuu
282 941 372 994 vocant,
383 934 511 983 dissolves?
523 941 563 982 aut
574 932 769 996 quemadmodum
781 947 817 978 so-

145 993 184 1040 riti
195 993 302 1046 resistes?
314 1013 394 1060 quem,
403 998 423 1046 si
433 1013 522 1046 necesse
532 998 569 1057 sit,
579 999 664 1046 Latino
673 999 741 1045 verbo
749 996 817 1044 liceat

60 1071 63 1075 ·
145 1061 274 1106 acervalem
288 1063 421 1124 appellare:
439 1063 478 1110 sed
495 1063 553 1110 nihil
570 1077 628 1126 opus
645 1069 693 1110 eet:
712 1069 739 1108 ut
754 1061 816 1108 enim

145 1123 364 1265 lliilliilll’o
375 1126 817 1287 iiiililleiiaeiiplmtaeiiii

145 1251 314 1379 lllltlrlhlpllltlicl
322 1254 563 1382 clpcdrhhshhllpilhllnch
577 1254 664 1375 ellantii,
675 1267 816 1379 qcpprlpppp:

145 1379 188 1442 qui
201 1395 284 1441 mores,
301 1392 342 1430 aut
356 1384 423 1431 utiles
438 1392 479 1430 eut
493 1381 594 1441 inutiles,
611 1379 770 1443 haruspicesne
786 1395 815 1427 ex

146 1442 242 1491 Etrurii
253 1456 401 1507 arcessentur‚
418 1463 448 1495 an
458 1447 571 1510 principes
581 1453 691 1505 statuent,
703 1452 726 1492 et
736 1442 817 1491 delecti

147 1507 199 1567 viri,
210 1509 278 1572 periti
288 1527 365 1558 rerum
375 1511 497 1560 civilium?

179 1571 251 1632 Quod
266 1574 285 1621 si
295 1589 337 1622 nec
347 1591 427 1623 earum
437 1591 522 1635 rerum,
534 1590 587 1640 qne
597 1574 704 1636 subjectae
715 1571 818 1620 sensibus

146 1645 210 1694 sum,
227 1638 276 1685 ulla
286 1637 396 1688 divinatio
406 1649 448 1700 est,
460 1655 501 1688 nec
512 1655 591 1688 earum
601 1654 654 1702 quae
664 1637 751 1685 artibus
762 1652 817 1684 con»

146 1699 257 1762 tinentur,
268 1717 310 1751 nec
321 1719 400 1752 earum
410 1721 463 1768 quae
473 1705 498 1751 in
509 1703 653 1768 philosophii
665 1703 815 1762 disseruntur,

148 1778 190 1812 nec
201 1781 280 1814 earum
291 1783 343 1831 quae
356 1768 379 1814 in
393 1768 511 1832 republici
521 1777 653 1825 versantem
671 1782 771 1831 querum
781 1781 817 1814 re-

147 1843 201 1875 mm
213 1829 250 1890 sit,
267 1831 326 1878 nihil
336 1848 428 1896 prorsus
438 1833 548 1897 intelligo.
574 1833 638 1881 Nam
655 1841 696 1880 eut
711 1830 817 1880 omnium

149 1891 216 1940 debet
231 1910 286 1956 esse,
303 1905 344 1944 aut
358 1897 436 1960 aliqua
450 1897 471 1945 ei
485 1898 580 1945 materie
590 1897 666 1946 dende
676 1904 717 1954 est,
734 1895 759 1943 in
770 1895 818 1958 qui

149 1957 233 2004 versari
242 1959 327 2022 possit:
340 1961 379 2008 sed
389 1976 431 2010 nec
440 1962 545 2010 omnium
557 1961 665 2010 divinatio
673 1968 708 2008 est
715 1963 752 2013 (ut
759 1959 817 2006 ratio

150 2019 253 2080 docuit);
265 2038 306 2072 nec
316 2026 380 2074 locus
391 2040 432 2074 nec
440 2026 535 2073 materie
545 2025 668 2083 invenitur,
680 2023 717 2074 cui
728 2022 817 2070 divine-

150 2084 356 2196 pippempraeficere
366 2091 486 2158 possimus.
512 2089 573 2138 Vide
583 2089 662 2153 igitur,
673 2102 703 2135 ne
713 2087 778 2159 nulle
789 2086 819 2134 eit

176 2159 267 2199 metro.

160 2278 165 2289 Ι
182 2214 213 2262 V.
235 2215 280 2264 Est
290 2217 384 2280 quidam
396 2216 490 2266 Graecus
501 2215 601 2280 vulgaris
615 2215 640 2262 in
652 2215 712 2263 hene
728 2223 818 2266 senen·

148 2287 206 2326 tiam
217 2295 308 2330 versus:

181 2369 199 2396 “
210 2367 277 2416 Bene
284 2369 325 2432 qui
335 2370 447 2432 conjiciet,
456 2377 532 2418 vetem
542 2369 604 2416 hunc
618 2366 743 2432 perhibebo
757 2365 818 2430 opti·

244 2434 336 2482 mum.”
558 2451 561 2456 ·

150 2537 219 2586 Num
234 2537 314 2601 igitur,
331 2547 372 2586 sut
390 2553 443 2602 quae
461 2544 583 2600 tempestas
599 2533 738 2598 impendeat,
752 2539 820 2605 'vates

149 2602 235 2650 melius
248 2602 359 2664 conjiciet,
373 2617 444 2666 quam
459 2603 611 2664 gubemetor3
629 2606 669 2646 aut
684 2597 762 2669 πιοῲιΙ
778 2609 821 2641 ns-

150 2675 235 2714 turam*
245 2667 333 2715 acutius
350 2682 421 2730 quam
435 2665 545 2724 medicus,
557 2671 598 2712 aut
610 2661 666 2712 belli
676 2659 816 2709 commuue-
