1864 2958
134 105 183 154 sat
269 102 317 152 mr
333 101 624 164 suuncuurncm.
637 104 661 151 ι.

133 233 210 296 ipsum
221 231 293 280 levari
298 231 350 280 volo
359 249 366 280 ι
384 233 427 280 etsi
437 229 563 296 tequidem
572 230 598 278 id
607 229 699 278 modice
708 243 740 278 ac
749 231 823 294 sapi-

133 304 196 344 enter
204 295 273 350 (sicut
280 297 368 355 omnia)
374 305 398 344 et
408 296 466 344 ferre
474 305 497 343 et
504 296 606 343 laturum
614 311 670 354 esse,
679 303 747 342 certo
756 295 819 342 seio.

134 360 179 408 Sed
190 360 257 419 mihi,
269 375 323 408 cum
333 361 362 408 de
373 363 490 408 senectute¹
496 359 584 422 aliquid
598 359 682 406 vellem
698 359 819 417 scribere,

133 432 160 471 tu
170 427 302 472 occurrebas
317 425 401 488 diguus
415 440 443 472 ec
456 439 560 482 munere,
576 439 623 486 quc
637 431 740 486 uterque
757 437 820 470 nos-

134 491 196 536 trim
207 489 359 537 communiter
369 497 477 536 uteretur.
494 487 559 534 Mihi
573 486 667 550 quidem
677 487 712 534 ita
721 488 818 547 jucun·

134 548 165 600 dc
174 553 245 615 hujus
255 553 309 602 libri
317 553 426 601 confecto
436 551 490 611 tuit,
501 551 658 600 muonmods
666 553 818 598 omnesabs-

135 617 223 664 terserit
248 617 369 665 senectutis
388 617 511 674 molestias,
537 615 578 664 sed
594 615 692 662 effecerit
709 615 815 662 mollem

88 731 89 736 ,
136 681 206 728 etiam
215 689 237 729 et
245 681 373 743 jucundam
384 689 529 728 senectutem.
546 681 676 742 Nunquam
686 679 764 741 igitur
776 695 815 726 sa-

136 745 166 793 tis
180 746 271 794 laudari
281 747 350 808 digne
360 745 443 808 poterit
450 741 603 807 philosophia,
614 743 652 790 cui
664 743 708 806 qui
718 751 813 805 pareat,

136 806 813 934 atttriti'n‘titfftttititfiiffiit

489 905 496 932 ,
717 904 725 918 .

137 936 224 984 librum
235 936 264 984 de
274 937 394 984 Senectute
400 935 430 982 ad
441 945 464 982 tc
473 937 587 984 irrisimus.

168 1000 271 1048 Onmn
282 1009 360 1047 autem
370 1013 498 1047 sermonem
511 1000 641 1059 tribuimus,
656 1014 704 1048 non
722 998 810 1046 'Pitho-

136 1078 175 1124 no,
187 1072 214 1110 ut
223 1064 303 1110 Aristo
318 1063 390 1111 Chius
402 1067 441 1117 (ne
455 1079 538 1126 pamm
553 1073 610 1112 esset
626 1063 768 1112 auctoritatis
783 1063 809 1110 in

136 1127 235 1186 fabulim
247 1125 287 1176 sed
298 1125 335 1176 M.
347 1125 430 1176 (amni
441 1127 497 1186 aeni,
505 1143 552 1191 quc
562 1129 673 1188 maj0rcm
684 1127 808 1176 auctorita·

137 1199 184 1239 tem
194 1192 288 1240 haberet
297 1192 386 1249 cratim
403 1192 465 1255 apud
478 1207 548 1255 quem
564 1192 665 1240 Laelirnn
681 1202 704 1240 et
718 1192 807 1254 Scipio-

138 1270 192 1304 nem
200 1256 297 1304 facimus
308 1257 453 1315 mutantes,
464 1256 557 1320 quodie
568 1264 616 1304 tam
627 1256 693 1304 facile
703 1265 806 1303 senectu-

138 1328 185 1368 tem
196 1320 342 1384 ferat‚iisque
351 1336 403 1369 eum
412 1320 592 1384 respondentem.
610 1319 805 1379 Quisiermitius

138 1385 252 1434 videbitur
266 1385 390 1448 disputare,
401 1401 472 1448 quam
486 1384 603 1433 cousuevit
612 1384 662 1448 ipse
675 1385 700 1432 in
714 1384 761 1432 suis
774 1383 804 1430 Ἰἰ-

138 1449 194 1508 bris,
212 1450 330 1497 attribuito
345 1449 431 1496 Graecis
444 1449 523 1508 literis3
535 1465 634 1512 quarum
649 1457 737 1497 constat
750 1463 803 1496 eum

139 1514 307 1576 perstudiosum
316 1513 386 1560 fuisse
396 1513 421 1560 in
432 1521 553 1560 senectute.
580 1513 627 1561 Sed
639 1513 696 1576 quid
703 1528 760 1575 opus
769 1519 803 1558 est
904 1547 905 1558 ,

138 1577 224 1640 plura?
239 1577 289 1636 jam
307 1577 369 1623 enim
390 1576 462 1639 ipsius
479 1576 573 1624 Catonis
591 1591 665 1624 serum
683 1576 802 1640 explicabit

138 1649 239 1688 nostram
249 1655 343 1686 omnem
353 1640 382 1687 de
392 1648 506 1688 senectute
517 1641 660 1688 sententiam.

171 1702 207 1750 11.
233 1705 319 1764 Scipio.
336 1703 497 1766 Saepenumero
507 1704 616 1752 admirari
627 1705 687 1754 soleo
697 1719 750 1753 cum
759 1703 800 1752 hcc

140 1767 168 1814 C.
180 1766 261 1826 Laelio,
274 1775 324 1813 tum
335 1776 468 1815 caeteramm
478 1784 556 1816 rerum
566 1777 631 1816 tuam
647 1769 799 1829 excellentem,

140 1824 177 1878 M.
189 1829 256 1889 Cato,
267 1830 436 1895 perfectamque
443 1832 587 1896 sapientiam
593 1841 646 1880 tum
652 1833 689 1882 vel
695 1833 798 1893 maxime,

139 1894 203 1958 quod
216 1909 336 1958 nunquam
350 1904 489 1944 senectutem
503 1897 546 1945 tibi
559 1913 654 1960 gravem
668 1913 715 1946 esse
729 1911 799 1944 sense·

140 1959 214 2072 iiii
220 1959 800 2088 qgttitsstnttntfflttffiffin

140 2101 195 2136 sane
211 2088 335 2149 difficilem,
347 2089 423 2152 Sn'pic
440 2097 464 2137 et
480 2089 548 2148 laeli,
564 2089 672 2137 admirmi
688 2087 797 2136 videmini.

141 2151 798 2216 Quibusenimnilrilcpiseoeinipsisadbeneheataque

140 2217 274 2277 vivendum,
285 2217 313 2264 iis
323 2217 398 2264 omnis
405 2217 480 2280 gravis
491 2225 525 2264 est
535 2227 603 2264 oetas:
620 2218 743 2280 quiautnn
751 2231 804 2274 um·-

140 2279 795 2346 uiabonaaseipsispetuntiisnihilpotestmalumvi-

140 2342 197 2401 deri,
209 2343 272 2408 quod
285 2353 374 2392 natura
383 2345 503 2392 necesitas
512 2344 599 2392 effuse
619 2344 674 2403 Quo
688 2343 794 2408 in'geuem

140 2405 165 2452 in
175 2406 255 2470 primis
266 2417 300 2455 ast
310 2417 419 2466 umectus,
431 2423 502 2471 quam
512 2417 540 2455 ut
550 2409 711 2472 adipiscantur,
724 2421 793 2455 amn·

140 2478 234 2532 optant:
251 2471 357 2519 eamdam
372 2481 478 2520 scemam
490 2471 582 2535 adeptis
597 2481 664 2520 tana
680 2481 714 2520 at
725 2472 793 2520 inun-

140 2533 223 2580 stantia
232 2535 343 2596 stiltitiae,
354 2543 424 2599 atque
433 2535 574 2599 perversitas·

174 2596 292 2660 Obrqsem
300 2597 369 2647 aium
378 2613 429 2647 eam
439 2596 507 2648 eitius
520 2613 592 2663 quam
602 2599 726 2663 pastinat
747 2599 792 2656 ra
