1862 2964
86 140 131 190 192
149 169 151 174 .
174 140 222 189 DE
239 139 603 199 uEGIBUsnm.111.csr.
618 140 655 187 14.

82 283 131 316 rere
145 268 183 316 lex
194 269 282 330 jubeat,
298 284 327 316 ne
342 269 418 317 veniet
430 268 523 331 quidem
538 271 563 316 in
575 283 631 316 eum
646 265 750 315 ordinem

71 332 206 395 ⁴quinqueni
216 333 266 380 vitii
275 333 395 396 particeps.
413 333 442 380 Id
453 342 531 380 eutem
538 333 630 380 difficile
637 333 700 380 fectu
708 339 750 388 est,

84 396 128 443 nisi
137 396 270 444 educatione
282 397 384 461 quidem
399 405 422 444 et
434 396 568 460 disciplinis
586 396 615 444 de
629 396 677 458 quie
691 394 752 441 dioe-

83 459 625 587 itiiiqiddiffloltliiifiilffi
635 457 752 571 titt

83 583 162 636 dinem
174 589 269 652 legumr
286 597 377 652 tempus
387 603 439 637 vero
453 559 549 652 largitur
562 587 683 650 longitudo
697 585 759 632 diei.

88 651 141 715 Ego
150 661 238 712 eutem,
250 653 339 702 etiamsi
349 653 489 716 preterieris,
503 661 604 715 repetam
618 667 633 699 a
646 659 669 698 te
683 651 754 698 istum

86 715 115 764 de
126 717 258 766 educatione
268 725 291 766 et
301 718 330 766 de
339 716 460 780 discipline
469 717 554 764 locum.
586 715 690 763 Murcus.
713 715 754 762 uu

87 795 140 828 vero
151 792 174 828 et
188 781 267 841 istum,
282 782 376 838 Attioe;
393 790 424 840 et,
433 781 530 844 siquem
538 781 610 828 ulium
620 778 727 843 preterii.

122 848 139 874 ‘⁵
151 845 244 892 Ceteris
261 846 375 908 specimen
392 845 472 892 esto:”
488 845 551 908 quod
567 845 639 904 siest,
650 852 755 890 tenemus

89 909 174 956 omnis.
191 910 226 956 Ut
234 909 296 956 enim
304 909 465 972 orpidituu'bur
475 909 605 971 principum
616 915 640 973 et
650 907 710 954 vitiis
720 906 757 954 in·

88 972 126 1019 fici
136 973 194 1020 solet
203 979 251 1020 tots
261 973 348 1030 civius,
357 973 389 1020 sie
396 973 512 1020 ernendnri
520 981 543 1020 et
550 972 632 1034 eorrigi
639 968 757 1018 eontinen-

89 1033 128 1082 tii.
151 1035 196 1082 Vir
211 1051 318 1098 magnus,
330 1045 353 1084 et
363 1037 428 1085 nobis
438 1037 545 1084 omnibus
556 1036 651 1094 amicus,
663 1035 693 1082 L.
705 1035 756 1082 Lu-

90 1099 173 1160 cullus,
185 1099 309 1160 ferebatur,
324 1115 395 1164 quem
408 1100 590 1148 eommodissime
607 1099 756 1162 respondisse,

89 1177 144 1210 curn
161 1171 219 1212 esset
235 1165 325 1225 objecta
342 1165 513 1227 magnificentie
530 1164 592 1212 ville
608 1163 757 1222 Tuseulunae,

53 1267 55 1274 ,
90 1226 137 1274 duo
148 1242 172 1275 se
181 1227 265 1276 hebere
275 1229 376 1286 vieinost
394 1229 541 1292 superiorem,
555 1227 656 1291 equitem
669 1228 758 1274 Roma-
779 1257 786 1266 ·

92 1306 167 1349 nurng
184 1292 323 1354 inferiorem,
337 1293 485 1350 libertinum
501 1307 602 1356 quorum
616 1306 670 1338 eum
684 1299 760 1339 essent

90 1356 220 1420 magnifice
230 1357 301 1418 ville,
310 1357 402 1406 concedi
413 1357 455 1404 sibi
464 1365 576 1420 oportere,
604 1356 651 1403 uod
666 1355 702 1414 iis,
717 1355 759 1418 qui

92 1421 201 1469 tenuioris
211 1421 295 1470 ordinis
307 1429 389 1483 essent,
399 1421 483 1469 liceret.
499 1422 556 1469 Non
583 1420 588 1431 “
606 1436 638 1480 es,
650 1419 759 1479 Luculle,

92 1501 108 1532 e
122 1493 146 1533 te
161 1485 186 1532 id
198 1485 275 1548 ipsum
291 1495 382 1545 natum,
399 1494 426 1532 ut
439 1486 475 1532 illi
491 1493 607 1548 euperem,
624 1484 708 1547 quibus
725 1483 761 1542 id,

41 1565 43 1568 ·
92 1549 199 1596 eitunon
207 1549 355 1611 feoeres,non
365 1551 457 1597 liceret?
474 1549 535 1608 Quis
545 1548 607 1596 enim
617 1547 760 1608 ferretietos,

94 1627 148 1659 cum
164 1613 250 1660 videret
264 1628 343 1660 eorum
356 1613 422 1661 villas
437 1613 507 1676 signis
523 1620 546 1660 et
562 1612 646 1661 tabulis
656 1611 760 1669 edum,

92 1675 177 1738 purtim
192 1676 298 1738 publicis,
319 1677 404 1739 partim
422 1677 492 1724 etiam
509 1677 578 1726 saeris
592 1684 614 1724 et
633 1675 761 1738 religiosis?

92 1738 145 1800 quis
152 1753 199 1786 non
209 1739 323 1802 frangeret
333 1755 412 1788 eorum
422 1741 536 1800 libidines,
553 1741 596 1788 nisi
606 1741 642 1788 illi
655 1740 708 1803 ipsi,
719 1739 763 1802 qui

94 1817 132 1856 ees
139 1801 243 1864 frangere
252 1803 369 1863 deberent,
380 1803 465 1852 eisdem
476 1805 624 1852 tenerentur?

126 1865 198 1913 XIV.
215 1867 267 1914 Nee
277 1867 438 1915 enununtum
444 1870 501 1916 mali
507 1877 540 1917 est
550 1884 642 1933 peecare
648 1867 763 1932 prinsipes

97 1931 249 1993 (quamquem
259 1939 293 1979 est
303 1947 415 1995 magnum
426 1933 469 1980 hoe
478 1949 520 1997 per
530 1933 641 1996 seipsum
651 1934 762 1992 malum),

97 2001 210 2056 quantum
217 1995 284 2054 illud,
295 1997 358 2059 quod
371 1997 481 2060 permulti
495 1998 619 2046 imitatores
631 1997 763 2060 principum

96 2057 215 2106 exsistunt.
232 2059 297 2108 Nem
314 2061 368 2109 lieet
385 2061 469 2121 videre,
479 2061 505 2110 si
519 2062 574 2110 velis
588 2063 697 2126 replicare
713 2076 764 2108 me·

96 2123 195 2170 moriam
211 2131 349 2188 temporum,
368 2126 546 2190 qualescumque
562 2126 649 2174 summi
667 2124 766 2172 civitatis

98 2186 142 2234 viri
162 2186 255 2246 fuerint,
277 2191 346 2238 telem
366 2191 480 2238 civitatem
497 2189 585 2246 fuisses
612 2204 767 2253 quecunque

97 2251 196 2298 mutatio
205 2266 297 2300 morum
306 2255 331 2301 in
357 2253 481 2317 iincipibus
492 2254 609 2312 exstiterit,
623 2254 728 2302 eundern
738 2254 765 2300 in
798 2279 801 2282 ·

98 2313 186 2375 populo
196 2325 302 2364 secutum.
320 2270 394 2381 quue
403 2318 466 2365 bsud
475 2318 546 2380 paulo
556 2326 590 2365 est
597 2318 680 2378 verius,
692 2332 766 2380 quam

99 2376 162 2440 quod
172 2376 264 2427 Plutoni
272 2389 347 2429 nostro
353 2381 434 2444 pinoet,
443 2381 493 2444 qui,
502 2381 642 2430 musicorum
649 2381 763 2440 centibus,

100 2439 142 2498 ait,
149 2442 251 2501 mutetis,
257 2445 342 2492 mutari
349 2445 468 2493 civitatum
475 2453 554 2493 status.
570 2445 715 2508 Egoeutem,
723 2459 767 2494 no·

101 2503 184 2550 bilium
195 2504 243 2551 vitis
250 2507 356 2572 victuque
361 2517 458 2567 mutato,
466 2523 541 2556 mores
551 2510 637 2556 mutari
645 2509 767 2556 civitatum

99 2575 164 2628 puto.
181 2567 236 2625 Quo
245 2572 390 2632 penrieiosius
400 2573 429 2620 de
439 2573 556 2636 republici
563 2581 680 2620 merentur
690 2573 767 2620 vitiou‘

98 2631 218 2695 prinicipoe,
224 2635 287 2696 quod
293 2649 340 2684 uon
347 2636 422 2686 solum
430 2637 485 2686 vitia
491 2636 622 2700 concipiunt
628 2636 681 2700 ipsi,
690 2636 730 2695 sed
740 2651 770 2684 es
