1862 2964
234 167 283 220 DE
299 171 691 233 omc118,1nuicn.32.
750 175 800 228 230

129 309 249 415 'delli
259 305 800 429 timidissimi

131 431 172 488 rit,
183 447 236 494 quae
246 431 317 478 nostri
327 430 413 492 ingenii
427 444 474 478 uon
488 439 570 487 erunt;
586 432 661 479 omnis
671 433 801 482 adhibenda

132 495 177 544 erit
186 506 249 554 euro,
260 495 387 555 meditatio,
398 495 524 558 diligentia,
536 501 563 541 ut
576 511 611 555 eo,
623 496 642 543 si
654 510 701 544 uon
711 497 799 559 decore,

131 567 157 608 et
168 575 239 623 quom
253 559 379 609 minimum
390 558 503 618 indecore,
518 558 591 606 fecere
604 559 724 622 possimus.
748 562 800 609 Nee

131 631 182 672 tem
193 632 227 670 est
238 622 380 682 enitendum,
387 630 415 669 ut
421 625 491 682 bons,
498 638 551 697 quae
557 623 622 671 nobis
628 623 682 671 dato
689 639 735 672 non
744 625 798 686 sint,

173 702 265 746 uremur,
277 703 349 750 quam
359 695 386 734 ut
396 685 452 735 vitis
461 687 586 749 fugiamus.

128 701 278 800 ὕειΒίΧΧΙΙ.
294 751 333 798 Ae
343 750 433 798 duabus
442 750 470 798 iis
481 751 590 814 personis,
598 767 655 816 quos
662 767 731 815 supra
741 751 799 812 dixi,

129 816 200 863 tertio
217 815 358 877 adjungitur,
378 830 450 878 quom
467 831 532 863 tosus
549 815 633 880 aliquis
651 825 692 863 aut
708 824 800 880 tempus

130 879 247 942 imponite
263 888 346 943 quarto
356 879 434 940 etism
449 895 520 942 quom
531 881 645 928 nobismet
660 879 704 943 ipsi
712 881 801 941 judicio
825 903 828 908 ·

129 952 209 992 nostro
217 943 425 991 nocommodamus.
442 943 506 991 Nem
517 959 595 1007 regna,
604 945 708 1008 imperio,
716 945 800 993 nobili·

127 1015 199 1067 tates,
216 1008 323 1066 bonores,
339 1007 432 1067 divitie,
450 1023 513 1072 opes,
532 1023 605 1073 eoque
624 1025 677 1072 quoe
694 1017 749 1057 mut
763 1009 800 1058 his

130 1072 253 1130 eontrarla,
261 1072 286 1118 iu
296 1087 350 1119 essu
361 1072 412 1131 u'te,
419 1072 559 1135 temporibus
569 1075 732 1136 gubernentur.
750 1073 801 1137 Ipsi

130 1144 212 1184 sutem
222 1151 300 1199 gerere
309 1151 381 1201 quom
460 1151 514 1183 uem
525 1137 631 1197 velimus,
642 1153 657 1184 a
670 1137 749 1185 nostri
759 1153 800 1186 vo-

131 1200 222 1248 luntate
229 1200 385 1264 proficiscitur.
417 1209 486 1264 teque
494 1216 517 1247 se
530 1201 570 1247 elii
580 1200 610 1248 od
619 1201 709 1266 philoso
724 1202 798 1262 hiem,
823 1259 825 1264 f

131 1264 173 1311 alii
190 1265 220 1312 ud
235 1266 274 1324 jus
291 1264 366 1322 civile,
381 1263 421 1312 ulii
437 1265 467 1312 ud
486 1265 649 1328 eloquentium,
667 1266 729 1328 app‘
773 1274 798 1313 t:

131 1328 281 1392 ipsarumque
291 1328 403 1377 virtutum
413 1328 438 1374 in
454 1327 500 1376 alis
513 1328 573 1375 oliuo
582 1329 673 1376 mavult
682 1329 799 1376 excellere.
854 1335 859 1353 l

165 1393 274 1451 Quorum
291 1407 344 1442 vero
362 1400 437 1456 patres
455 1399 496 1439 sut
514 1393 612 1452 majores
633 1391 712 1454 aliqui
727 1393 801 1454 glorii

131 1457 294 1568 Krestiterunt,
305 1457 323 1504 ii
333 1457 425 1504 student
435 1456 572 1567 {limumque
588 1453 668 1504 eod·
682 1455 708 1502 in
718 1471 801 1531 genere

155 1520 207 1568 udis
218 1515 343 1577 excellere3
360 1529 387 1569 ut
397 1519 429 1580 Q.
469 1520 542 1580 udus,
555 1519 583 1568 P.
592 1519 620 1567 F.
629 1520 713 1581 injure
721 1520 799 1577 civim

133 1585 203 1632 Pouli
209 1585 271 1632 iilius
276 1585 401 1632 Africanus
410 1585 435 1631 in
446 1600 471 1631 re
480 1585 581 1632 militari.
598 1583 703 1644 Quidum
711 1592 799 1643 autem,

132 1649 163 1696 od
181 1665 219 1697 ees
236 1649 316 1696 leudes
333 1665 390 1712 quas
407 1665 421 1696 a
435 1649 538 1712 patribus
553 1657 696 1713 aooepenint,
712 1647 801 1698 addunt
855 1643 858 1654 '

132 1713 236 1776 aliquem
253 1729 334 1761 suom:
351 1721 379 1760 ut
394 1712 432 1760 hic
448 1709 510 1761 idem
528 1713 654 1762 Abioenus
671 1715 692 1762 el
723 1711 801 1762 uendi

132 1777 261 1825 cumulavit
268 1775 374 1825 bellinum
384 1777 496 1840 gloriomz
514 1778 577 1840 quod
586 1779 649 1826 idem
656 1778 710 1826 feeit
741 1779 800 1826 imo-

132 1839 209 1900 theus‚
221 1841 322 1889 Cononis
332 1841 402 1899 filius,
415 1842 464 1906 qui,
476 1855 529 1889 eum
539 1843 594 1890 belli
604 1842 673 1891 leude
683 1857 730 1890 non
741 1843 801 1892 infe·

24 1919 28 1926 ·
133 1905 179 1953 rior
188 1905 269 1953 fuisset
282 1921 354 1969 quem
364 1915 437 1969 pater,
454 1906 484 1952 ed
491 1921 542 1954 eom
549 1907 652 1966 laudem,
659 1906 767 1954 doctrinis
777 1914 802 1956 et

133 1968 220 2032 ingenii
230 1969 327 2032 gloriam
338 1969 426 2030 odJooit.
443 1969 567 2017 Fiteutem
577 1970 702 2029 interdum,
709 1978 736 2018 ut
741 1985 801 2018 non-

125 2033 201 2094 ·nulli,
219 2033 303 2082 orout
319 2033 447 2081 imitatione
460 2034 585 2094 majorum,
600 2049 669 2081 suum
683 2033 801 2096 quoddam

132 2098 264 2146 mttimtum
271 2105 452 2161 oonsequsnturr
470 2097 619 2161 maximeque
628 2097 652 2144 in
661 2113 688 2145 oo
698 2097 802 2160 plerum-

128 2177 178 2238 que
189 2163 306 2238 eleborum
316 2162 342 2222 ii,
353 2162 395 2226 qui
402 2175 488 2225 magna
495 2160 539 2208 eibi
548 2169 689 2226 proponunt,
700 2160 802 2210 obsculis

128 2229 319 2354 'mlliiijigliiiii
328 2290 414 2349 omnio,
427 2303 481 2337 oum
491 2288 625 2352 querimus,
642 2287 699 2353 quid
713 2287 799 2348 doceat,

132 2355 252 2419 oompleeti
262 2355 340 2404 mimo
350 2363 374 2403 et
387 2353 523 2418 eogitatione
535 2353 650 2401 debemus.
676 2353 706 2400 In
720 2353 801 2418 primis

131 2429 209 2469 eutem
225 2419 412 2468 eonstituendum
426 2427 468 2478 est,
485 2433 543 2481 quos
558 2433 600 2466 uos
622 2429 645 2465 et
659 2417 738 2480 qualos
753 2431 801 2465 esso

131 2485 237 2544 odimus,
249 2494 272 2532 et
285 2484 311 2531 iu
337 2499 369 2531 uo
379 2497 461 2546 genere
472 2481 539 2530 vitiet
557 2496 610 2544 quae
620 2481 752 2530 deliberatio
767 2488 802 2528 oet

131 2547 313 2597 omniumdiffl‘
366 2563 387 2596 e.
405 2547 504 2596 Ineunte
512 2545 802 2604 enimadolesoentit‚oum

132 2620 165 2660 eet
174 2614 280 2661 maximo
289 2611 434 2662 imbecillitas
444 2610 540 2671 oonsilii,
552 2618 604 2658 tum
614 2609 639 2658 id
649 2609 693 2657 eibi
703 2607 802 2672 quisque

132 2691 204 2740 smus
220 2677 295 2728 etatis
308 2675 418 2742 degendae
431 2675 555 2738 eonstituit,
568 2673 630 2739 quod
644 2671 747 2724 maxime
760 2672 801 2720 od·
