1852 2966
146 87 178 136 88
210 85 256 136 ΒΕ
268 85 518 146 DIVINATIONE,¹
530 85 590 138 Lus.
602 85 637 134 11.
650 84 763 162 culm·

146 215 187 278 qui
201 225 291 274 ventus,
309 214 349 279 qui
359 215 441 274 imber,
459 221 512 278 quse
522 222 651 277 tempesms,
665 213 756 276 ubique
766 212 815 261 sit?

161 293 244 326 uarum
262 294 338 326 rerum
355 281 380 326 in
394 279 505 342 proximis
520 278 574 325 locis
589 286 657 325 tentes
671 277 817 324 dissimilitu-

146 293 211 390 dines
221 358 279 406 sape
291 353 353 401 sunt,
364 351 391 391 ut
402 343 447 390 alia
458 342 564 399 Tusculi,
573 341 618 388 slis
626 342 718 399 Rome,
727 341 818 388 esculat

146 421 206 468 saepe
220 416 348 470 tempestas.
372 407 451 466 Quod,
470 405 511 468 qui
522 406 638 468 navigant,
653 405 756 452 maxime
766 404 817 452 eni-

146 470 299 530 madvertunt‚
317 486 378 528 cum,
394 471 419 517 in
433 469 548 518 flectendis
560 468 727 532 promontoriis,
738 477 818 518 vento·

146 547 199 580 rum
209 535 346 582 mutationes
356 535 470 582 maximas
481 549 541 596 saepe
552 533 657 580 sentiant.
666 531 733 580 dlaec
740 533 816 596 igitur

83 619 87 630 ¹
146 612 199 644 curn
217 597 246 658 sit
260 605 310 644 turn
324 599 438 657 serenitas,
457 607 508 644 tum
522 597 661 659 perturbatio
675 597 733 656 oceli,
750 605 815 647 estne

145 675 252 724 sanorum
267 662 398 720 hominum,
416 663 459 708 hoc
474 661 503 708 sd
518 657 663 708 nascentium
671 670 734 708 ortus
745 661 816 724 perti-

146 737 199 771 nere
223 740 269 772 non
292 726 373 785 dicere,
398 725 461 788 quod
477 739 523 771 non
543 733 601 776 certe
618 725 730 787 pertinet;
754 724 815 772 illud

146 789 220 835 nescio
231 789 288 852 quid
298 798 375 847 tenue,
387 789 449 852 quod
460 788 537 836 sentiri
548 789 700 848 nullomodo,
715 788 815 851 intelligi

145 861 222 898 eutem
238 853 277 900 vix
293 862 375 915 potest,
394 868 446 915 quse
461 869 475 899 a
488 852 545 900 luni
560 852 690 916 currensque
701 852 814 900 sideribus

144 916 195 962 oceli
209 917 342 979 temperatio
356 917 405 976 fiat,
421 917 494 964 dicere
504 916 534 963 ad
545 931 669 978 puerorum
681 925 744 963 ortus
759 931 813 979 per·

145 978 235 1027 tinere?

158 1041 259 1100 ‚Quint
293 1044 339 1091 uod
349 1058 396 1092 non
406 1044 547 1106 intelligunt,
564 1044 679 1091 seminum
689 1043 746 1104 vim,
758 1059 813 1106 que

142 1105 173 1152 ad
191 1060 332 1168 gignendum
350 1109 561 1172 procreandumque
579 1108 707 1170 plurimum
726 1109 811 1167 valeat,

142 1169 246 1218 funditus
256 1172 314 1231 tolli,
326 1172 444 1221 medimnis
454 1172 534 1220 erroris
549 1175 601 1219 est?
618 1171 678 1230 Quis
689 1173 751 1219 enim
762 1187 811 1220 non

142 1233 212 1294 videt,
235 1244 258 1282 et
274 1236 359 1285 formas
376 1246 399 1284 et
415 1252 498 1294 mores,
514 1244 537 1282 et
553 1236 674 1298 plerosque
692 1244 767 1287 status
783 1251 811 1284 sc

142 1308 227 1360 motus,
236 1299 341 1362 effingere
350 1317 366 1348 a
375 1301 506 1364 perentibus
516 1299 616 1347 liberos?
627 1299 689 1362 quod
697 1313 743 1348 non
754 1315 810 1348 oon·

141 1363 246 1426 tingeret,
258 1365 277 1412 si
287 1366 330 1414 hoo
345 1381 391 1414 non
402 1366 435 1414 vis
446 1374 469 1412 et
479 1373 561 1411 natura
574 1363 719 1426 gignentium
733 1363 809 1414 effice-

141 1436 184 1486 ret,
196 1428 235 1476 sed
245 1430 379 1492 temperatio
388 1431 458 1489 lunae,
473 1428 570 1492 celique
580 1427 712 1476 moderatio.
817 1461 820 1466 v

157 1526 161 1534 .
173 1491 257 1550 Quid?
273 1494 336 1556 quod
350 1509 397 1541 uno
407 1503 430 1541 et
445 1492 525 1540 eodem
536 1490 643 1554 temporis
654 1500 740 1554 puncto
750 1492 811 1551 usti,

142 1554 261 1603 dissimiles
278 1566 301 1603 et
318 1566 410 1604 naturas
432 1565 455 1603 et
469 1556 527 1604 ritas
541 1564 564 1602 et
578 1571 642 1602 ossus
656 1555 750 1616 habent,
768 1572 812 1618 pn-

141 1633 224 1665 rnmne
239 1619 344 1677 deehrat,
361 1620 418 1666 nihil
435 1619 466 1666 ed
483 1619 595 1682 egendum
612 1619 683 1666 vitam
701 1620 812 1668 nascendi

141 1689 233 1743 tempus
243 1683 373 1744 pertinere?
389 1684 433 1730 nisi
443 1683 502 1731 forte
514 1692 632 1746 putamus,
643 1684 760 1732 nminem
771 1700 812 1733 eo·

141 1744 194 1791 dem
206 1753 306 1807 tempore
317 1746 366 1808 ipso
377 1755 399 1794 et
410 1756 544 1810 conceptum
556 1755 578 1794 et
589 1755 679 1807 netum,
689 1762 735 1810 quo
743 1748 812 1796 Afri-

142 1821 232 1854 osnum.
258 1810 324 1856 Num
351 1810 387 1857 uis
397 1811 467 1873 igitur
478 1811 529 1858 talis
540 1810 604 1858 fuit?

153 1901 156 1908 ·
172 1871 267 1919 XLVI.
283 1826 367 1932 Quid?
384 1875 472 1922 illudne
486 1875 585 1922 dubium
600 1883 642 1932 est,
659 1875 715 1938 quin
730 1876 813 1936 multi,

141 1950 195 1982 oum
209 1936 243 1983 ite
256 1938 305 1984 nati
315 1947 396 1998 essent,
408 1949 435 1986 ut
445 1939 551 2003 quedam
563 1947 641 1986 contra
651 1948 760 1987 naturam
772 1940 815 1989 de·

141 2009 235 2061 pruvnta
249 2001 366 2060 haberent,
382 2004 554 2051 restituerentur
565 2011 588 2049 et
598 2002 765 2064 corrigerentur
783 2007 814 2056 ab

141 2065 231 2124 naturis,
243 2081 296 2113 cnm
307 2082 331 2113 se
341 2067 390 2129 ipsa
401 2069 533 2124 revocisset‚
545 2074 585 2113 aut
596 2075 644 2113 arte
654 2076 725 2130 etque
735 2069 814 2116 medi-

141 2127 210 2176 cot?
228 2139 268 2177 aut
282 2144 380 2192 quorum
397 2131 482 2193 linguae
498 2131 529 2178 sic
544 2130 688 2188 inhererent,
704 2141 731 2179 ut
746 2134 813 2197 loqui

140 2205 186 2237 non
194 2203 293 2254 possent,
303 2209 335 2241 eae
343 2196 448 2257 scalpello
456 2203 545 2242 resectae
552 2194 722 2243 liberarentur?
735 2196 812 2245 Multi

141 2255 209 2302 etism
220 2266 308 2304 naturae
320 2259 401 2306 vitium
412 2259 558 2306 meditatione
569 2265 640 2320 atque
650 2259 812 2309 exercitatione

140 2320 296 2376 sustulerunt3
308 2331 334 2368 ut
343 2321 523 2370 Demosthenem
530 2320 607 2369 scribit
614 2320 746 2378 Phalereus,
754 2339 811 2372 curn

142 2383 196 2429 Rho
206 2383 279 2432 dicere
290 2386 402 2448 nequiret,
419 2386 577 2434 exercitatione
587 2384 673 2442 iecisse,
685 2395 712 2432 ut
722 2387 810 2450 pinnis.

139 2446 197 2493 sime
207 2447 296 2495 diceret
314 2449 386 2507 Quod
394 2450 413 2498 si
420 2451 469 2498 haec
480 2458 539 2497 astro
549 2449 680 2510 ingenerata
691 2458 714 2496 et
725 2452 809 2500 tradita

139 2519 220 2568 essent,
231 2512 296 2559 nulla
306 2526 340 2559 res
351 2529 377 2560 ea
387 2523 476 2561 mutere
486 2521 568 2576 posset.
594 2512 678 2570 Quid?
689 2513 807 2563 dissimili.

138 2575 194 2624 todo
210 2575 311 2624 locorum
328 2589 404 2636 nonne
422 2577 541 2642 dissimiles
560 2575 682 2632 hominum
700 2593 805 2642 procrea.
