1862 2964
131 117 178 164 ne
229 111 276 162 uu
294 109 450 171 ouureus,
468 109 528 158 nn.
540 109 561 157 1.
578 107 642 188 cn.
654 93 696 156 nn

163 241 274 293 officium
282 248 368 299 autem,
377 237 440 302 quod
448 239 477 286 ab
485 253 512 287 eo
520 237 620 295 ducitur,
628 237 688 285 haue
695 234 796 300 primurn

131 307 201 355 habet
213 306 283 365 viam,
299 318 351 367 quae
365 302 457 351 deducit
471 303 501 350 ud
515 301 695 351 conveniendam
708 315 798 348 ounoer·

133 371 293 433 rationemque
311 376 415 424 naturaet
439 381 510 430 quam
528 366 548 414 ei
566 379 688 428 sequemur
704 365 797 423 duoem,

133 450 253 497 nunquam
264 432 434 480 aberrabimus:
448 444 658 494 nonaequemurque
668 438 691 476 et
701 428 726 476 id
735 429 801 492 quod

133 506 227 546 acutum
235 506 259 546 et
267 496 386 560 perspicax
396 495 479 542 natiuit
489 504 531 552 eet,
542 503 565 541 et
575 492 600 540 id
610 493 672 556 quod
682 492 712 540 ud
722 493 799 539 homi.

133 568 192 610 nuru
202 560 390 611 consociationem
400 558 605 615 accommodatum,
617 566 640 604 et
649 556 674 603 id
684 556 746 619 quod
758 571 799 604 ve·

133 627 227 675 heuneus
238 634 307 690 etque
316 624 381 672 forte.
405 622 450 671 Sed
460 621 563 669 maxima
577 621 611 669 vie
625 619 701 668 deoori
714 620 740 668 in
753 621 799 668 hue

134 691 193 738 ineat
202 698 275 755 parte,
286 689 315 736 de
325 688 372 751 qul
382 686 533 750 disputamus.
555 685 639 749 Neque
649 684 711 732 enim
721 685 798 732 aulum

134 755 241 818 nemoris,
253 753 294 818 qui
304 752 334 800 ad
343 759 448 799 numnam
461 749 509 812 apti
518 756 580 809 erint,
592 749 631 796 eed
643 748 718 796 multo
728 748 804 797 etiam·

134 817 378 932 „offitii
391 811 799 943 ffiltdltlnfflffi
846 889 848 893 ψ

720 931 724 938 t
788 910 797 936 ἲ

134 955 204 1011 atque
213 953 314 992 neurrae:
332 957 380 990 una
393 957 445 1005 pare
459 942 484 988 in
495 941 597 1004 appetitu
607 939 681 1004 poaite
691 947 725 987 eet
735 943 799 1004 (qua

134 1019 168 1058 eat
177 1009 248 1072 ὀρμη
260 1009 358 1066 Grece),
373 1021 426 1070 qun
440 1005 557 1052 bemineru
567 1005 614 1052 hue
623 1012 647 1052 et
655 1004 711 1052 illuc
720 1005 797 1068 rapit;

133 1073 204 1120 altera
214 1072 239 1118 in
249 1072 343 1131 ratione,
355 1085 408 1133 quae
417 1070 482 1117 docet
493 1077 515 1116 et
525 1069 641 1132 explanat,
650 1067 707 1131 quid
714 1068 799 1116 facien.

133 1137 192 1184 dum
202 1135 365 1198 fugiendumve
375 1135 411 1184 eit.
435 1133 473 1184 Ita
482 1133 517 1193 fit,
528 1141 556 1182 ut
565 1133 622 1182 ratio
632 1132 717 1197 praeait,
729 1149 799 1198 uppe-

134 1200 190 1248 titus
199 1202 347 1264 obtemperet.
722 1217 725 1224 ·
785 1215 802 1245 ⁴.

166 1263 263 1312 XXIX.
281 1262 366 1313 Omnia
380 1271 458 1312 autem
472 1263 530 1311 aetio
542 1277 621 1311 nauare
630 1261 698 1310 debet
707 1263 799 1312 temeri.

135 1337 182 1377 tete
192 1337 215 1377 et
225 1328 379 1406 negligenti&
396 1343 437 1376 nec
447 1343 500 1402 vero
510 1343 576 1390 agere
602 1326 721 1391 uidqunm,
733 1329 800 1389 eujus

135 1401 386 1520 {tinient
397 1391 658 1504 {inlinunt
664 1390 744 1502 dil?
755 1399 801 1516 ἕξ

135 1531 163 1570 ut
174 1523 287 1586 appetitur
297 1521 379 1569 rationi
389 1519 503 1580 obediant,
515 1534 612 1582 eumque
619 1533 693 1582 neque
700 1533 802 1582 praenu-

135 1594 196 1644 rnnt,
208 1600 258 1644 nec,
269 1593 361 1648 propter
367 1583 486 1646 'pigritiem
497 1591 537 1630 aut
547 1582 671 1644 ignaviam,
679 1581 799 1640 deserente

137 1649 228 1710 sintque
241 1647 368 1710 tranquilli,
383 1655 452 1710 atque
466 1647 530 1694 omni
543 1646 712 1710 perturbatione
727 1647 800 1695 animi

136 1719 234 1760 caream.
250 1711 290 1760 Ex
314 1725 344 1758 uo
353 1710 450 1758 elueebit
457 1710 531 1758 omnis
539 1710 672 1770 eumundo,
680 1711 801 1775 omniaque

108 1824 116 1832 ,
137 1774 269 1823 moderatio.
286 1726 351 1822 riam
361 1774 403 1836 qui
412 1775 527 1836 appetitus
535 1774 627 1838 longius
637 1784 770 1837 evagantur,
778 1785 802 1824 et

138 1841 268 1901 (tamquam
280 1835 420 1886 exe'ultnntea
434 1837 480 1887 eive
494 1837 606 1901 cupiendo
619 1837 667 1886 aive
681 1838 803 1901 fugiendo)

138 1917 186 1951 non
201 1903 255 1950 satia
269 1917 284 1949 a
297 1901 383 1949 ratione
396 1901 529 1961 retinentur,
545 1902 571 1948 hi
584 1901 633 1950 aine
646 1900 718 1952 dubio
731 1903 805 1953 finem

139 1975 163 2014 et
175 1965 272 2014 modum
282 1974 407 2014 transeunt
430 1965 576 2028 Relinquunt
586 1966 648 2013 enim
658 1974 682 2013 et
692 1967 804 2028 abjiciunt

139 2029 307 2088 obedientiam
327 2043 369 2078 nec
384 2029 467 2078 rationi
481 2037 570 2094 parent,
586 2030 624 2078 uui
640 2038 695 2077 nint
708 2032 804 2094 subjecti

140 2096 191 2158 lege
200 2103 302 2143 natiue:
319 2109 334 2142 a
348 2093 432 2158 quibua
446 2109 493 2142 non
506 2094 576 2144 modo
588 2093 660 2142 animi
670 2097 806 2158 perturbari..
839 2145 843 2150 ,

140 2159 427 2224 tur,oedetiameorpora.
444 2157 807 2222 'lieetoraipaaeernereirato-

105 2251 107 2258 ,
140 2239 202 2283 rum,
219 2231 260 2272 aut
275 2237 354 2271 eorum
370 2222 411 2285 qui
426 2230 467 2270 aut
481 2223 576 2270 libidine
591 2221 671 2298 aliqui
685 2232 726 2272 aut
740 2233 806 2273 metu

140 2287 249 2398 tritt?
256 2286 806 2402 Ἑζέῗοέἒᾛῗὲῗιῗῗὲῗᾞιῖηᾚ

172 2413 212 2460 Ex
223 2415 307 2477 quibus
316 2383 375 2461 iliud
384 2383 527 2476 int’elligitui,
539 2417 576 2468 (ut
626 2366 694 2462 oedieii
704 2385 805 2466 formatur

140 2480 290 2536 ierertamur)
306 2477 421 2541 appetitus
445 2491 524 2526 omnee
540 2479 704 2527 contrahendos
722 2481 804 2528 'sedau-

140 2541 235 2603 uosque,
246 2541 434 2604 excitandamque
444 2542 661 2590 animadversionem
674 2551 696 2590 et
706 2543 803 2606 diligen.

140 2604 205 2665 tiam,
217 2611 243 2652 ut
258 2605 357 2667 nequid
373 2614 456 2658 temere
472 2621 498 2654 uc
513 2606 617 2669 fortuitu,
631 2607 802 2668 nwnnderate,
