1856 2952
203 213 214 228 ἢ
268 136 269 145 ’
314 143 464 192 TIMAEUS.
482 143 547 192 Cau.
568 143 605 202 10.
746 145 793 196 tao

118 271 232 320 bifariam
247 271 357 320 contrarie
373 271 442 320 simul
452 271 595 334 procedentia
610 271 744 333 efficiebant,
756 282 792 333 ut,

121 337 189 400 quod
201 345 259 384 esset
273 337 437 394 tardissimum,
448 336 473 382 id
487 336 619 398 proximum
630 337 693 384 fieret
705 338 793 386 celerri-

121 415 173 448 mo.
191 401 278 464 Atque,
290 409 316 446 ut
327 408 386 448 esset
395 415 503 446 mensura
512 400 618 463 quadam
629 401 728 460 evidens,
741 419 793 465 quae

121 463 211 512 inistis
227 474 277 512 octo
288 465 390 514 cursibus
406 464 529 511 celeritates
543 464 704 528 tarditatesque
719 466 794 514 decla·

123 539 195 586 naret,
215 528 281 576 Deus
300 529 348 590 ipse
364 529 444 587 solem,
460 528 527 591 quasi
541 529 630 586 lumen,
647 530 748 578 accendit
764 531 794 578 ad

123 593 255 640 secundum
268 609 337 656 supra
348 601 431 640 terram
442 593 564 650 ambitum,
576 601 602 639 ut
613 609 684 656 quam
692 594 793 643 maxime

123 657 210 703 coelum
232 658 338 704 omnibus
359 657 486 714 colluderet,
508 657 689 720 sumentesque,
709 659 794 721 quibus

125 718 190 784 [jus]
204 730 261 773 esset
271 720 354 780 doceri,
371 723 400 768 ab
411 719 513 781 ejusdem
524 730 599 778 motu,
614 730 637 768 et
647 723 676 768 ab
693 738 719 769 eo
731 723 794 785 quod

125 784 203 832 simile
215 795 280 842 esset,
291 799 440 832 numerorum
451 793 558 832 naturam
569 786 662 848 rirnque
673 801 793 848 eognosce-

125 854 185 894 rent
204 850 259 897 Nox
269 849 340 912 igitur
351 857 373 896 et
384 849 439 908 dies,
451 848 551 896 adhunc
561 849 666 908 modum,
678 860 701 898 et
711 853 740 898 ob
752 850 794 899 has

124 923 234 974 generata
244 929 331 969 causas,
342 928 416 960 unum
424 913 544 960 circuitum
554 914 616 964 orbis
626 913 694 961 efficit
704 914 793 978 sapien-

124 976 242 1025 tissimum
259 986 328 1042 atque
345 979 475 1041 optimum:
493 978 577 1026 mensis
593 987 679 1036 autern,
699 979 792 1042 quando

123 1039 190 1100 luna,
207 1043 302 1090 lustrato
313 1058 354 1089 suo
367 1058 443 1099 cursu,
460 1042 532 1090 solem
548 1054 666 1090 consecuta
683 1053 731 1091 est:
750 1059 792 1090 an-

124 1119 179 1164 nus,
192 1106 232 1154 ubi
246 1108 280 1153 sol
296 1123 363 1154 suum
382 1115 456 1154 totum
472 1107 568 1154 confecit
578 1116 600 1154 et
611 1108 739 1170 peragravit
755 1124 791 1155 or-

124 1171 188 1216 bem.
204 1170 343 1218 Caeterorum
354 1179 431 1218 autem
440 1169 540 1217 siderum
551 1172 651 1218 ambitus
662 1171 791 1233 ignorantes

124 1231 238 1293 homines,
255 1244 336 1297 prater
350 1234 475 1281 admodum
491 1249 583 1296 paucos,
595 1249 669 1298 nsque
681 1234 790 1300 [nomen]

125 1298 251 1359 appellunt,
271 1313 345 1361 neque
366 1299 425 1345 inter
448 1313 471 1344 se
489 1313 585 1345 numero
607 1301 792 1349 commetiuntur.

127 1358 210 1424 ltaque
220 1363 332 1420 nesciunt,
350 1363 391 1409 hos
402 1361 501 1408 siderum
519 1377 603 1410 errores
613 1363 636 1409 id
647 1363 724 1426 ipsum
735 1379 791 1425 esse,
807 1415 815 1426 ,

127 1425 190 1488 quod
201 1426 242 1474 rite
252 1426 335 1474 dicitur
346 1435 445 1488 tempus,
456 1425 708 1486 multitudineinfinitd,
721 1428 792 1475 varie-

102 1483 114 1502 *
127 1497 174 1536 tate
191 1491 319 1538 admirabili
329 1490 442 1553 praeditos.
460 1491 570 1538 Attamen
586 1490 645 1538 illud
659 1492 756 1554 perspici
770 1502 793 1541 et

127 1553 224 1616 intelligi
234 1563 316 1618 potest,
327 1553 431 1602 absoluto
441 1555 586 1618 perfectoque
596 1569 693 1602 numero
703 1563 792 1620 tempo.

127 1618 166 1676 ris,
177 1621 308 1666 absolutum
325 1615 495 1682 perfectumque
511 1632 598 1666 aunum
614 1628 670 1666 tunc
684 1621 793 1684 compleri

128 1681 233 1747 denique,
251 1699 304 1732 cum
321 1700 344 1732 se
359 1693 410 1732 octo
420 1684 529 1743 ambitus,
544 1683 650 1732 confectis
661 1684 708 1732 suis
722 1686 793 1733 cursi-

128 1747 179 1806 bus,
191 1749 219 1796 sd
230 1749 292 1796 idem
302 1757 370 1812 caput
380 1749 516 1806 retulerunt,
527 1763 627 1810 cumque
638 1763 675 1796 eos
685 1765 794 1811 permen.-

130 1827 167 1860 sus
177 1823 210 1859 est
220 1812 290 1872 idern,
302 1823 324 1861 et
334 1828 423 1874 semper
434 1812 469 1860 sui
477 1811 566 1872 similia,
577 1813 644 1860 orbis.
663 1813 714 1864 Has
722 1814 793 1876 igitur

130 1878 158 1924 ob
174 1893 252 1925 causas
271 1887 325 1924 nata
339 1885 400 1923 astra
416 1885 478 1935 sunt,
494 1892 555 1939 quae,
572 1893 613 1938 per
629 1878 711 1924 coelum
722 1893 792 1940 pene.

129 1940 218 1999 trantia,
236 1940 348 1988 solstitiali
358 1957 381 1988 se
397 1949 420 1987 et
428 1941 528 1987 bmmali
544 1941 684 1988 revocatione
699 1957 791 1992 conver-

129 2012 215 2060 terent;
233 2015 259 2052 ut
275 2005 318 2052 hoc
334 2019 402 2052 omne
418 2004 512 2062 animal,
529 2003 591 2067 quod
605 2005 717 2064 videmus,
735 2015 792 2054 esset

129 2069 162 2116 illi
174 2069 276 2126 aninrali,
293 2069 355 2133 quod
369 2069 488 2128 sentimus,
502 2067 532 2114 sd
543 2067 673 2115 aetemitatis
683 2069 792 2118 inuitatio-

131 2147 181 2182 nem
192 2133 343 2182 simillimum.

156 2199 188 2247 X.
199 2199 232 2246 Et
238 2206 317 2245 caetera
322 2197 425 2261 quidun,
432 2195 740 2260 usqueadtcmponisortum,
747 2198 793 2246 im·

132 2279 205 2327 pressa
216 2262 301 2310 abillis
312 2279 364 2325 quae
374 2261 516 2320 imitabatur,
528 2261 661 2312 effinxeratr
679 2262 726 2320 sed,
738 2263 793 2326 quia

133 2328 231 2376 nondum
243 2341 311 2373 omne
321 2326 407 2374 animal
417 2324 441 2372 in
451 2325 540 2372 mundo
550 2325 612 2373 intus
622 2325 751 2385 incluserat,
764 2343 793 2374 ex

133 2392 158 2440 ed
168 2400 231 2455 parta
241 2390 359 2439 deficiebat
368 2390 398 2438 ad
408 2390 550 2453 propositum
560 2391 677 2452 exemplar
686 2390 794 2452 imaginis

134 2457 263 2504 similitudo.
279 2455 345 2514 Quot
355 2455 426 2518 igitur
437 2462 460 2502 et
470 2455 549 2518 quales
561 2454 697 2501 animalium
707 2455 793 2502 formas

134 2535 202 2580 mens,
222 2521 358 2583 inspeciem
375 2535 452 2568 rerum
468 2519 568 2576 intuens,
587 2527 676 2582 poterat
692 2533 791 2579 cernere,

135 2585 222 2633 totidem
234 2593 256 2633 et
266 2585 323 2633 tales
333 2585 358 2632 in
368 2585 412 2634 hoc
423 2584 511 2632 mundo
522 2599 600 2632 secum
610 2583 716 2646 cogitarit
724 2582 791 2630 effin-

135 2665 188 2713 gere.
204 2649 279 2698 Erant
300 2657 378 2698 autem
399 2648 553 2703 annuentium
568 2662 652 2712 genera
672 2656 789 2711 qusnror;
