1856 2952
344 181 588 233 PHAENOMENA.
753 179 799 228 451

125 311 227 374 Propter
238 310 356 376 Aquerus
363 313 486 359 obscurum
498 310 580 359 dextri
589 310 649 374 figet
658 323 762 372 emnem,

124 375 224 438 Exiguo
235 377 277 439 qui
287 377 405 423 stellarum
416 376 513 423 candore
523 375 619 424 nitescit.
650 429 652 436 ¹

126 440 150 487 Ε
162 440 243 488 multis
253 452 330 488 tamen
341 439 378 486 his
388 439 435 486 duo
445 441 491 487 lete
502 439 592 487 lumine
602 439 707 502 fulgent:
728 447 730 450 '
751 437 798 494 175

126 505 211 552 Unum
223 506 266 552 sub
276 503 366 567 maguis
376 503 473 566 pedibus
484 513 587 551 oernetur
600 505 696 566 Aquari.

125 567 200 625 Quod
211 576 321 631 superest,
332 567 408 630 gelido
417 567 537 630 delapsum
549 568 644 614 flumine
654 567 732 626 fontis,

128 631 267 694 Spiniferem
279 634 356 679 subter
367 631 463 679 caudam
476 632 576 679 Pistricis
587 631 697 678 adhesit:

128 695 162 742 Et
174 703 252 743 tenues
263 696 333 744 1111111
343 695 492 758 perhibentur
501 697 595 744 nomine
607 694 708 759 [aquei]

129 758 179 806 Hie
189 760 240 807 aliae
250 761 346 808 volitant
356 775 426 822 parvo
434 775 488 807 oum
499 761 588 808 lumine
599 760 673 816 elatee,
749 758 794 808 180

128 823 208 887 Atque
218 824 294 889 priora
303 824 388 887 pedum
398 826 498 872 subeunt
508 825 603 886 vestigio
613 823 692 885 magni

128 888 289 947 Arcitenentis,
301 898 323 937 et
333 891 434 936 obscure
444 889 492 936 sine
503 889 595 936 nomine
606 887 697 935 cedunt.

130 951 189 1000 Inde
200 953 275 1016 Nepae
285 968 361 1001 cernes
371 961 463 1016 propter
473 953 583 1015 fulgentis
594 967 690 1000 acumen

129 1016 213 1074 Aram,
225 1033 296 1080 quem
307 1017 363 1064 fletu
373 1017 500 1080 permulcet
511 1017 604 1080 spiritus
614 1016 705 1075 Austri,

129 1079 223 1144 Exiguo
234 1085 342 1145 superum
352 1098 405 1144 quae
415 1081 496 1128 limine
506 1091 608 1144 tempore
619 1089 694 1128 tranet
705 1097 712 1128 r
749 1080 794 1128 185

129 1145 193 1193 Nem
204 1147 284 1208 procul
294 1147 393 1194 Arcturo
403 1153 437 1192 est
448 1145 544 1193 adversi
553 1155 618 1208 parte
628 1145 701 1194 locere
711 1163 718 1192 r

122 1209 229 1257 ,Arcturo
239 1225 352 1272 magnum
363 1209 435 1271 spatio
445 1225 515 1272 supra
525 1209 588 1256 dedit
598 1211 677 1256 orbem

129 1272 238 1335 Jupitert
255 1273 318 1320 hune
328 1287 426 1336 pervum
437 1273 542 1320 inferiore
552 1273 576 1319 in
587 1283 652 1336 parte
661 1272 751 1320 locavit.

132 1336 180 1384 Hie
190 1346 276 1396 temen,
287 1345 371 1384 aeterno
382 1337 480 1384 invisens
491 1337 541 1384 loos
551 1337 672 1393 curriculo,
684 1352 731 1384 nox

131 1400 201 1463 signa
211 1401 273 1450 dedit
283 1401 368 1458 nautis,
379 1401 455 1448 cuncti
466 1416 518 1464 quse
528 1415 618 1448 noscere
628 1410 728 1464 possent,
747 1401 793 1449 190

130 1464 297 1513 Commisersns
307 1465 428 1513 hominum
438 1465 573 1513 metuendos
584 1465 685 1528 undique
696 1480 767 1512 cesus.

131 1529 202 1590 Nem,
214 1531 290 1578 eumf
342 1539 403 1576 ntem
416 1545 492 1576 cernes
503 1529 551 1577 sine
561 1529 662 1577 nubibus
672 1529 727 1576 stris

130 1594 203 1642 Arum
215 1596 293 1642 subm
323 1595 345 1642 'd
354 1594 405 1642 ooeii
414 1593 504 1656 regione
514 1594 621 1654 locatam,

130 1659 154 1708 A
162 1657 253 1706 summi
262 1667 327 1734 perte
337 1657 433 1707 obscuri
444 1658 540 1721 ealigine
550 1667 642 1712 tectam,

130 1722 193 1782 Tum
203 1724 283 1771 vsiidrs
293 1723 368 1786 fugito
378 1721 480 1770 devitans
490 1722 576 1770 viribus
586 1723 716 1770 Α11111111111
746 1724 794 1772 195

131 1786 207 1845 Quem
217 1788 237 1834 si
247 1787 384 1850 prospiciens
395 1786 508 1846 vitaveris,
519 1786 597 1834 omnis
607 1795 672 1835 ceute

132 1850 280 1899 Armements
289 1852 375 1906 doeens,
386 1859 436 1898 tuto
445 1851 523 1898 11111111
532 1866 573 1913 per
583 1852 664 1899 undas.

132 1915 171 1964 Sin
182 1915 256 1978 gravis
265 1914 369 1962 inciderit
379 1913 507 1962 vehementi
518 1915 612 1962 flamine
618 1925 708 1976 ventus,

131 1979 258 2041 Perfringet
267 1979 337 2026 celsos
346 1977 423 2025 defixo
433 1979 513 2025 robore
523 1979 610 2034 1111111

131 2041 207 2091 Utres
217 2043 282 2090 nulle
292 2042 350 2089 feres
360 2041 431 2104 possit
441 2042 541 2090 mulcere
550 2043 669 2104 procellas,
745 2043 793 2090 200

133 2107 166 2155 Ni
175 2114 238 2170 purte
248 2122 277 2154 ex
287 2105 409 2169 Aquilonis
419 2121 514 2169 opaeum
525 2107 609 2170 pellere
619 2108 715 2168 nubem,
746 2161 748 2167 ¹

134 2171 238 2234 Coeperit,
249 2178 272 2218 et
281 2169 362 2220 subitis
372 2169 433 2217 auris
444 2169 560 2218 diduxerit
569 2169 626 2218 Ars.

133 2236 173 2286 Sin
182 2236 289 2283 humeros
298 2234 375 2282 medio
382 2234 407 2280 in
418 2235 473 2282 ooelo
484 2234 612 2283 Centaurus
619 2235 721 2294 hebebit,

134 2301 229 2364 Ipseque
239 2298 337 2347 coerulei.
347 2307 462 2348 contectus
472 2299 534 2346 nube
543 2299 636 2358 feretur,

133 2366 209 2428 Atque
218 2363 291 2412 Arum
301 2363 365 2417 tenui
375 2362 475 2437 caligans
486 2363 565 2410 vestiet
576 2363 667 2423 umbri,
746 2365 794 2411 205

133 2429 173 2477 Ad
182 2429 299 2492 signorum
309 2427 398 2475 obitum
405 2442 439 2475 vrs
449 2435 484 2475 est
493 2427 615 2476 metuenda
625 2427 734 2488 Favoni,

135 2495 176 2544 Ille
185 2501 262 2542 sutem
274 2492 411 2551 Centenius,
422 2491 447 2538 in
457 2491 505 2539 alti
515 2492 567 2540 sede
577 2492 672 2554 locatus,

125 2551 187 2618 'Qui
197 2573 244 2606 sese
254 2557 315 2606 eluro
325 2556 438 2606 1111111111
449 2556 555 2619 Scorpius
565 2556 642 2613 infert,

138 2623 192 2671 Haee
200 2624 284 2684 subter,
295 2631 384 2686 partem
394 2629 535 2685 praeportsns
545 2620 593 2685 ipse
602 2620 700 2679 11111111,

137 2687 207 2747 Cedit,
218 2687 271 2754 equi
281 2695 356 2752 partes
366 2702 491 2751 properans
502 2688 639 2751 conjungere
650 2685 736 2738 Chelis
748 2689 796 2738 210
