1862 2964
136 167 186 251 'roo
225 200 272 249 on
289 199 445 257 nunnus,
463 199 522 252 um.
536 197 586 246 111.
604 199 667 246 cro.
679 201 720 257 20·

141 331 218 379 solum
232 330 308 378 literae
323 333 388 383 (nam
400 327 424 374 id
438 327 532 391 quidem
547 326 617 374 etiam
631 327 695 389 apud
709 328 810 388 mtq'oree

141 402 229 442 nostros
239 402 307 454 erat),
320 393 360 442 aed
370 392 439 440 etiam
449 391 510 444 faeta
519 391 640 446 hominum
649 393 811 450 observabant,

142 459 175 506 ad
183 458 291 521 legesque
301 459 442 506 revocabant.

176 522 235 569 Haeo
251 522 317 568 detur
333 536 388 568 cura
403 519 549 575 censoribns3
568 517 757 582 quandoquidem
773 535 813 568 eos

143 585 169 632 in
182 586 300 648 republicd
316 600 405 648 temper
420 585 527 631 volumus
543 599 596 630 esse.
621 582 696 645 Apud
710 583 812 641 eosdem,

144 650 186 713 qui
197 651 331 712 magistratu
343 648 448 707 abierint,
460 647 528 696 edunt
542 655 565 694 et
578 655 702 709 exponant,
718 647 776 709 quid
788 647 814 694 in

144 714 281 776 magistratu
292 713 411 776 gesserintz
426 712 500 774 deque
507 711 535 758 iis
543 725 645 758 censores
655 711 813 774 praejudioent.

146 778 201 827 Hoc
210 777 235 824 in
247 777 336 826 Graeciia
346 776 381 835 fit,
392 776 483 838 publice
498 775 625 824 oonstitutis
639 775 814 835 arousotoribus.

146 842 196 900 Qui
207 841 300 904 quidem
311 855 390 902 graves
401 855 449 887 esse
460 833 505 886 non
516 846 619 902 possunt,
628 838 672 885 nisi
680 837 726 885 sint
733 840 816 886 volun-

147 904 206 959 terii.
229 904 343 962 Quociron
356 903 439 950 melius
453 911 494 962 eat,
506 905 603 950 rationes
613 902 699 961 referri,
711 917 817 950 causam·

147 984 194 1032 que
207 967 291 1030 exponi
306 967 450 1022 oensoribusr
468 967 582 1030 integram
596 975 673 1014 tamen
687 966 763 1028 legem
778 983 817 1014 ac·

87 1041 90 1050 ¹
147 1031 245 1080 cusatori
253 1030 385 1094 judicioque
393 1031 483 1079 servari.
501 1031 547 1079 Sed
555 1031 664 1091 sotisjam
672 1030 817 1092 disputatum
921 1017 922 1082 i

148 1104 182 1143 eet
193 1095 222 1142 de
232 1095 410 1158 magistratibus,
421 1094 466 1142 nisi
476 1095 534 1142 forte
545 1095 602 1158 quid
612 1095 750 1142 desideratis.

180 1160 283 1206 Atticae.
297 1159 323 1207 Si
333 1174 375 1206 nos
385 1167 495 1217 tutemus,
506 1160 570 1206 locus
578 1160 626 1222 ipse
634 1159 749 1218 admonet,
758 1158 817 1222 quid

149 1223 192 1271 tibi
202 1223 232 1272 ait
241 1223 323 1272 deinde
333 1223 464 1275 dicendum„
490 1224 593 1270 Marone.
609 1223 721 1270 Mihine?
738 1223 767 1270 de
778 1224 817 1283 ju-

149 1287 214 1336 diciis
226 1287 330 1344 arbitror,
342 1287 471 1351 Pomponi:
489 1287 513 1334 id
527 1295 560 1336 est
573 1287 635 1334 enim
648 1287 756 1347 junctum
766 1302 817 1334 ma·

150 1352 290 1416 gistratibus.
312 1352 413 1402 Atticm.
425 1349 505 1410 Quid?
520 1351 549 1398 de
557 1352 610 1411 jure
618 1350 698 1413 popuii
706 1351 818 1408 Romani,

150 1417 347 1480 quemadmodum
367 1416 493 1474 instituisti,
513 1415 635 1464 dicendum
653 1413 713 1461 nihil
730 1417 818 1478 putas?

152 1483 255 1530 Mortuo.
271 1481 337 1541 Quid
351 1480 444 1528 tandem
456 1480 499 1527 hoo
509 1479 559 1527 looo
570 1491 612 1538 est,
624 1479 687 1542 quod
696 1479 818 1542 requiras?

150 1547 253 1593 Atticm.
269 1546 369 1608 Egone?
386 1544 449 1608 quod
463 1543 563 1606 ignorari
575 1545 604 1602 ab
614 1543 651 1601 iis,
663 1542 704 1606 qui
714 1543 739 1590 iu
749 1560 819 1607 repu-

150 1610 211 1658 blica
222 1617 347 1666 versantur,
359 1607 517 1670 turpissimum
529 1615 595 1671 puto.
618 1608 691 1666 Nam,
707 1615 734 1655 ut
748 1609 819 1658 modo

150 1688 165 1720 a
178 1681 202 1719 te
215 1671 304 1720 dietum
318 1679 360 1731 eat,
375 1671 436 1732 leges
451 1686 465 1717 a
478 1671 576 1718 librariis
586 1672 652 1734 lego:
670 1671 703 1718 sic
712 1673 818 1720 animud.

150 1743 221 1793 verto,
237 1735 357 1797 plerosque
371 1733 525 1796 magistratus,
540 1735 681 1797 ignoratione
696 1737 755 1798 juris
771 1739 816 1797 sui,

149 1806 241 1846 tantum
252 1813 337 1860 sapere,
349 1806 463 1860 quantum
476 1799 613 1862 apparitores
624 1800 701 1848 velint.
726 1802 817 1862 Quam,-

149 1864 238 1920 obrem,
249 1861 269 1908 oi
279 1862 308 1910 de
318 1877 433 1909 sacrorum
443 1861 578 1914 alienatione
588 1862 711 1917 dicendum
721 1868 816 1929 putasti,

150 1926 260 1990 quoniam
274 1925 304 1973 de
316 1925 425 1988 religione
434 1926 496 1988 leges
506 1943 669 1992 proposueras,
686 1929 817 1984 faciendum
921 1971 922 1980 ,

150 1991 193 2038 tibi
204 1998 246 2050 est,
257 1998 284 2038 nt
303 1989 473 2052 magistratibus
486 1991 538 2054 lege
551 1993 686 2054 constitutis,
701 1994 731 2042 de
742 2005 817 2060 potes,
921 2005 922 2010 ’

150 2063 206 2115 tete,
217 2064 269 2103 tum
279 2024 308 2102 de
316 2056 377 2116 jure,
388 2055 497 2118 disputes.

184 2121 287 2168 Morem.
307 2119 402 2167 Faciam
420 2120 525 2179 breviter,
545 2120 564 2167 si
581 2123 689 2184 consequi
706 2133 814 2187 potuero:

149 2201 206 2234 nam
216 2184 321 2258 pluripus
331 2184 404 2259 verbis
414 2184 542 2258 scripsitlod
552 2194 641 2247 patrem
651 2195 719 2235 tuum
727 2189 765 2236 Μ.
772 2191 818 2238 du.

150 2250 203 2297 niue
214 2249 305 2359 tpdalqs,
316 2257 396 2324 perite,
407 2263 460 2358 pnoo
470 2249 564 2323 qurdem
576 2251 671 2310 judicio,
687 2261 710 2300 et
720 2253 816 2330 diligeq.

151 2321 202 2424 ἓξὲξ
215 2320 818 2442 ὠίωίυέῗίἒῖηἶῗοΐῇᾝῗωῗοὲυἶςὲἳῶ

151 2447 214 2496 sunt,
226 2447 249 2486 et
259 2439 348 2486 tradita.
375 2440 477 2486 Atticos.
489 2439 528 2487 Sic
537 2441 638 2503 profecto
648 2458 742 2492 censeor
760 2455 783 2494 et
793 2448 817 2509 id

151 2504 238 2567 ipsum,
249 2504 312 2565 quod
322 2503 510 2565 dicia-exspecto.
