1864 2958
228 149 276 200 DE
292 147 448 218 onerem,
461 151 520 200 Bru.
533 151 582 200 111.
594 151 658 200 Ger.
670 151 709 200 tt.
753 150 798 198 ³21

136 280 257 329 conabitur
267 288 347 344 poten
368 281 472 328 silebitne
483 280 562 328 tilius?
587 281 665 328 Immo
676 295 729 328 vero
739 280 803 326 obse·

136 343 209 391 crebit
219 353 316 408 patrem,
327 355 357 392 'ne
367 344 391 390 id
402 344 476 392 facist
504 345 529 392 Si
547 345 605 390 nihil
615 345 724 407 proficiet,
736 358 802 390 accu-

136 408 212 455 sabit:
230 409 356 456 minabitur
366 408 450 456 mam:
468 409 497 455 ed
508 417 645 465 extremum,
657 408 676 454 si
687 408 716 454 ad
726 407 802 470 pemi-

136 470 286 584 ffimfimss
301 489 336 520 res
351 473 468 536 spectabit,
479 473 559 535 patriae
568 472 666 519 salutem
682 477 803 534 anteponet

172 551 188 582 u
278 553 295 584 s.

167 552 258 658 Quaepgt
269 600 373 660 etiamsi
384 600 472 664 sepiens
480 599 618 647 adulterinos
623 613 731 646 nummos
741 613 803 646 aoce-

106 656 112 674 '
134 664 195 728 perit
205 663 338 726 imprudens
353 680 395 728 pro
410 665 490 720 bonis;
508 679 562 712 eum
580 663 605 710 id
619 662 725 721 rescierit,
742 663 803 712 solu·

135 736 231 780 tumens
242 728 270 776 sit
281 745 327 790 eos,
339 729 357 776 si
368 729 405 776 cui
415 729 504 786 debent,
520 743 562 803 pro
576 727 662 775 bonis?
685 725 800 788 Diogenes

134 791 182 838 eit:
199 791 324 855 Antipater
334 802 418 856 negat3
436 791 472 839 oui
485 801 561 856 potrus
571 791 686 839 assentior.
707 790 757 849 Qui
767 790 801 837 vi-

136 870 196 903 num
206 855 296 918 fugiens
310 856 394 930 vendut
409 856 488 917 sciens,
499 855 718 932 debeatne-dicere?
746 855 802 928 tion

135 921 431 1048 ffliffiffi
439 920 586 1032 ’ω’ἒὲἓξὲξῖ
597 921 802 1044 &stiffi

137 1047 169 1094 Iu
179 1049 293 1111 mancipio
303 1049 430 1108 vendendo,
438 1049 562 1096 dicendane
569 1047 633 1108 vitia,
645 1061 691 1094 nou
702 1063 737 1106 ea,
749 1063 802 1110 qua

136 1111 182 1159 nisi
192 1112 285 1172 dixeris,
296 1112 441 1160 redhibeatur
456 1113 597 1176 mancipium
606 1113 658 1172 jure
668 1111 744 1167 civili3
762 1111 801 1160 sed

136 1175 194 1236 haic,
206 1176 339 1228 mendacem
350 1192 405 1234 esse,
416 1177 546 1236 uectorem,
558 1177 667 1234 furacem
679 1175 800 1222 ebriosum.

135 1239 214 1288 Alteri
224 1241 320 1288 dicenda
330 1240 443 1296 ridentum,
450 1240 514 1287 elteri
520 1254 567 1287 non
577 1239 690 1290 videntur.
707 1239 732 1286 Si
740 1239 801 1312 ptris,

136 1319 221 1352 eurum
231 1305 339 1368 vendens,
350 1304 489 1352 orichalcum
503 1311 607 1368 reputet
619 1302 724 1360 vendere,
742 1302 802 1349 mdi-

135 1376 201 1416 oetne
212 1369 232 1416 ei
243 1369 278 1416 vir
288 1371 370 1427 bonus,
381 1383 465 1415 aurum
475 1368 534 1415 illud
544 1383 599 1426 esse,
611 1381 640 1412 an
656 1373 717 1412 emat
731 1365 801 1413 dene-

135 1431 179 1494 rio,
191 1432 254 1504 quod
264 1433 294 1481 u't
303 1433 367 1480 mille
378 1431 515 1480 denarihm?
542 1429 692 1505 Perspicuum
700 1429 750 1489 jam
758 1439 800 1490 est,

135 1503 160 1544 et
176 1496 233 1560 quid
242 1497 301 1544 mihi
316 1496 426 1556 videatur,
438 1505 523 1560 etquis
534 1496 563 1543 sit
577 1494 636 1542 inter
650 1509 688 1541 eos
702 1493 802 1556 philoso-

135 1560 273 1676 rmc
281 1569 801 1688 mmmm,

136 1705 190 1754 quse
199 1704 244 1737 neo
253 1689 275 1736 vi
285 1704 328 1736 nec
338 1689 391 1736 dolo
404 1689 466 1737 melo
477 1693 514 1743 (ut
528 1697 634 1751 pretores
649 1687 731 1745 solent)
742 1687 803 1735 facta

136 1753 203 1807 sint?
226 1753 320 1818 Siquis
338 1753 530 1808 medicamentum
545 1752 645 1815 cuipiam
666 1750 754 1799 dederit
771 1751 801 1799 sd

136 1832 223 1887 aquam
244 1817 388 1876 intercutem,
408 1817 573 1882 pepigeritque,
595 1831 625 1864 ne
641 1815 681 1863 illo
702 1815 809 1873 medicu-¹

137 1890 216 1929 mento
226 1897 330 1944 uuquam
344 1889 422 1944 postea
435 1883 551 1938 uteretur3
568 1881 588 1928 si
598 1895 625 1928 eo
634 1879 801 1928 medicamento

137 1960 206 2000 mnus
217 1945 290 1994 frctus
299 1945 376 2003 fuerit,
388 1954 411 1992 et
425 1945 491 1992 mnis
504 1945 593 2008 aliquot
602 1953 654 2006 post
663 1943 767 1990 inciderit
776 1944 803 1990 in

137 2009 245 2058 eumdem
262 2011 379 2068 morbum,
401 2023 443 2056 nee
461 2010 490 2056 ab
508 2024 543 2069 eo,
562 2009 658 2082 quicum
676 2007 802 2070 pepigerat,

137 2073 252 2136 impetret,
269 2082 297 2121 ut
313 2073 398 2121 iterum
415 2087 441 2120 eo
457 2072 524 2119 liceot
540 2080 583 2131 uti,
600 2071 656 2133 quid
671 2070 802 2118 iaciendum

137 2137 184 2186 sit?
201 2138 262 2186 Cum
279 2137 308 2185 sit
323 2137 343 2184 is
358 2137 506 2194 inhumanus,
522 2135 563 2199 qui
577 2149 623 2182 non
638 2133 745 2182 concedat
758 2135 802 2201 uti,

137 2203 216 2314 pesdei
230 2202 358 2266 quidquam
371 2201 413 2248 fiat
425 2200 524 2262 injuris,
536 2199 588 2248 vita
603 2206 626 2245 et
639 2197 708 2246 saluti
722 2212 803 2246 consu.r

192 2281 241 2313 um.

170 2330 255 2390 Quid?
271 2331 291 2378 si
305 2329 356 2394 quis
370 2330 459 2394 sopiens
473 2336 566 2392 rogatus
576 2326 605 2374 sit
615 2328 644 2374 sb
655 2341 682 2374 eo
696 2326 802 2402 quicum

138 2395 253 2443 heredem
261 2394 337 2453 sociat,
348 2409 402 2442 eum
413 2394 434 2442 ei
444 2394 578 2440 testamento
588 2390 715 2438 sestertium
721 2391 805 2441 millies

135 2459 288 2523 relinquetur,
299 2467 326 2506 ut
340 2467 400 2517 ente,
412 2473 484 2522 qnam
498 2456 653 2504 hereditatem
666 2455 740 2514 sdest,
751 2456 803 2502 luce

134 2524 213 2587 priam
227 2524 253 2570 in
267 2522 317 2571 foro
331 2522 405 2580 saltet,
416 2523 485 2592 idque
499 2536 523 2569 se
539 2520 653 2568 facturum
664 2519 801 2582 promiserit,

153 2587 201 2635 uod
211 2586 276 2635 slitsr
286 2601 341 2634 eum
355 2586 468 2634 haeredem
483 2586 607 2648 scriptume
621 2583 661 2630 ille
671 2597 717 2630 non
728 2591 801 2638 estete

135 2601 213 2710 pm,
225 2649 288 2714 quod
298 2649 433 2714 promiserit,
445 2653 534 2698 necne?
553 2647 685 2696 Promisisse
699 2646 800 2704 nollem
