<?xml version="1.0" encoding="UTF-8"?>
<!DOCTYPE html PUBLIC "-//W3C//DTD XHTML 1.0 Transitional//EN"
    "http://www.w3.org/TR/xhtml1/DTD/xhtml1-transitional.dtd">
<html xmlns="http://www.w3.org/1999/xhtml" xml:lang="en" lang="en">
 <head>
  <title>
</title>
<meta http-equiv="Content-Type" content="text/html;charset=utf-8" />
  <meta name='ocr-system' content='tesseract 3.04.00' />
  <meta name='ocr-capabilities' content='ocr_page ocr_carea ocr_par ocr_line ocrx_word'/>
</head>
<body>
  <div class='ocr_page' id='page_1' title='image "./operaexeditioni02cicegoog_0033.png"; bbox 0 0 1858 2946; ppageno 0'>
   <div class='ocr_carea' id='block_1_1' title="bbox 117 117 716 182">
    <p class='ocr_par' dir='ltr' id='par_1_1' title="bbox 117 117 716 182">
     <span class='ocr_line' id='line_1_1' title="bbox 117 117 716 182; baseline -0.003 -12"><span class='ocrx_word' id='word_1_1' title='bbox 117 123 151 170; x_wconf 74' lang='lat'>22</span> <span class='ocrx_word' id='word_1_2' title='bbox 181 122 228 170; x_wconf 78' lang='lat' dir='ltr'>DE</span> <span class='ocrx_word' id='word_1_3' title='bbox 246 120 496 182; x_wconf 75' lang='lat' dir='ltr'>DIVINATIONE,</span> <span class='ocrx_word' id='word_1_4' title='bbox 505 117 669 170; x_wconf 71' lang='lat' dir='ltr'>lent-Lilu’·</span> <span class='ocrx_word' id='word_1_5' title='bbox 676 118 716 170; x_wconf 77' lang='lat'>2⁵.</span> 
     </span>
    </p>
   </div>
   <div class='ocr_carea' id='block_1_2' title="bbox 116 247 786 363">
    <p class='ocr_par' dir='ltr' id='par_1_2' title="bbox 116 247 786 363">
     <span class='ocr_line' id='line_1_2' title="bbox 116 247 786 362; baseline -0.001 -64"><span class='ocrx_word' id='word_1_6' title='bbox 116 249 182 362; x_wconf 48' lang='grc' dir='ltr'><strong><em>Ἠ</em></strong></span> <span class='ocrx_word' id='word_1_7' title='bbox 190 250 316 314; x_wconf 73' lang='lat' dir='ltr'>appellans,</span> <span class='ocrx_word' id='word_1_8' title='bbox 327 250 411 300; x_wconf 66' lang='lat' dir='ltr'>diruet</span> <span class='ocrx_word' id='word_1_9' title='bbox 421 248 573 300; x_wconf 87' lang='lat' dir='ltr'>Homericum</span> <span class='ocrx_word' id='word_1_10' title='bbox 587 247 713 314; x_wconf 79' lang='lat' dir='ltr'>quemdem</span> <span class='ocrx_word' id='word_1_11' title='bbox 723 247 786 310; x_wconf 56' lang='lat' dir='ltr'>dus</span> 
     </span>
     <span class='ocr_line' id='line_1_3' title="bbox 193 329 298 363; baseline 0.01 -1"><span class='ocrx_word' id='word_1_12' title='bbox 193 329 298 363; x_wconf 77' lang='lat' dir='ltr'>versumr</span> 
     </span>
    </p>
   </div>
   <div class='ocr_carea' id='block_1_3' title="bbox 150 399 709 468">
    <p class='ocr_par' dir='ltr' id='par_1_3' title="bbox 150 399 709 468">
     <span class='ocr_line' id='line_1_4' title="bbox 150 399 709 468; baseline -0.004 -18"><span class='ocrx_word' id='word_1_13' title='bbox 150 399 709 468; x_wconf 69' lang='lat' dir='ltr'>“TertiaePhthiaetempesoslaeolocabit.”</span> 
     </span>
    </p>
   </div>
   <div class='ocr_carea' id='block_1_4' title="bbox 113 505 786 1406">
    <p class='ocr_par' dir='ltr' id='par_1_4' title="bbox 113 505 786 1406">
     <span class='ocr_line' id='line_1_5' title="bbox 115 505 784 570; baseline 0 -16"><span class='ocrx_word' id='word_1_14' title='bbox 115 505 188 566; x_wconf 89' lang='lat' dir='ltr'>Quod</span> <span class='ocrx_word' id='word_1_15' title='bbox 198 516 225 555; x_wconf 95' lang='lat' dir='ltr'>ut</span> <span class='ocrx_word' id='word_1_16' title='bbox 236 516 269 555; x_wconf 90' lang='lat' dir='ltr'>est</span> <span class='ocrx_word' id='word_1_17' title='bbox 283 508 379 567; x_wconf 90' lang='lat' dir='ltr'>dictum,</span> <span class='ocrx_word' id='word_1_18' title='bbox 395 507 426 558; x_wconf 85' lang='lat' dir='ltr'>sic</span> <span class='ocrx_word' id='word_1_19' title='bbox 441 508 546 556; x_wconf 81' lang='lat' dir='ltr'>scribitur</span> <span class='ocrx_word' id='word_1_20' title='bbox 561 507 687 570; x_wconf 82' lang='lat' dir='ltr'>contigisse.</span> <span class='ocrx_word' id='word_1_21' title='bbox 702 505 784 554; x_wconf 78' lang='lat' dir='ltr'>Xeno·</span> 
     </span>
     <span class='ocr_line' id='line_1_6' title="bbox 115 571 783 637; baseline 0.001 -20"><span class='ocrx_word' id='word_1_22' title='bbox 115 571 179 634; x_wconf 87' lang='lat' dir='ltr'>phou</span> <span class='ocrx_word' id='word_1_23' title='bbox 190 571 325 634; x_wconf 85' lang='lat' dir='ltr'>Socraticus,</span> <span class='ocrx_word' id='word_1_24' title='bbox 337 573 388 637; x_wconf 89' lang='lat' dir='ltr'>(qui</span> <span class='ocrx_word' id='word_1_25' title='bbox 399 574 441 632; x_wconf 86' lang='lat' dir='ltr'>vir,</span> <span class='ocrx_word' id='word_1_26' title='bbox 453 582 476 621; x_wconf 87' lang='lat' dir='ltr'>et</span> <span class='ocrx_word' id='word_1_27' title='bbox 487 581 586 636; x_wconf 75' lang='lat' dir='ltr'>quantus</span> <span class='ocrx_word' id='word_1_28' title='bbox 595 572 613 630; x_wconf 90' lang='lat' dir='ltr'>l)</span> <span class='ocrx_word' id='word_1_29' title='bbox 622 571 647 618; x_wconf 91' lang='lat' dir='ltr'>in</span> <span class='ocrx_word' id='word_1_30' title='bbox 655 571 682 620; x_wconf 66' lang='lat' dir='ltr'>ed</span> <span class='ocrx_word' id='word_1_31' title='bbox 689 571 783 632; x_wconf 72' lang='lat' dir='ltr'>militib,</span> 
     </span>
     <span class='ocr_line' id='line_1_7' title="bbox 115 635 784 700; baseline 0 -18"><span class='ocrx_word' id='word_1_32' title='bbox 115 635 163 698; x_wconf 74' lang='lat' dir='ltr'>qud</span> <span class='ocrx_word' id='word_1_33' title='bbox 174 649 228 683; x_wconf 87' lang='lat' dir='ltr'>cum</span> <span class='ocrx_word' id='word_1_34' title='bbox 235 637 296 700; x_wconf 86' lang='lat' dir='ltr'>Cyro</span> <span class='ocrx_word' id='word_1_35' title='bbox 304 637 392 686; x_wconf 86' lang='lat' dir='ltr'>minore</span> <span class='ocrx_word' id='word_1_36' title='bbox 398 637 530 700; x_wconf 85' lang='lat' dir='ltr'>perfunctus</span> <span class='ocrx_word' id='word_1_37' title='bbox 539 645 581 694; x_wconf 79' lang='lat' dir='ltr'>est,</span> <span class='ocrx_word' id='word_1_38' title='bbox 590 651 633 683; x_wconf 83' lang='lat' dir='ltr'>suo</span> <span class='ocrx_word' id='word_1_39' title='bbox 638 635 715 684; x_wconf 84' lang='lat' dir='ltr'>scribit</span> <span class='ocrx_word' id='word_1_40' title='bbox 722 649 784 682; x_wconf 86' lang='lat' dir='ltr'>som-</span> 
     </span>
     <span class='ocr_line' id='line_1_8' title="bbox 116 697 785 827; baseline 0 -15"><span class='ocrx_word' id='word_1_41' title='bbox 116 697 785 827; x_wconf 50' lang='lat' dir='ltr'>ilnllllrlnssvi‘lniffldbioefflibbrrMeigl&#39;i</span> 
     </span>
     <span class='ocr_line' id='line_1_9' title="bbox 114 781 785 891; baseline 0.001 -18"><span class='ocrx_word' id='word_1_42' title='bbox 114 827 159 874; x_wconf 72' lang='lat' dir='ltr'>rari</span> <span class='ocrx_word' id='word_1_43' title='bbox 170 781 205 876; x_wconf 66' lang='lat' dir='ltr'>vl}</span> <span class='ocrx_word' id='word_1_44' title='bbox 215 799 315 891; x_wconf 66' lang='lat' dir='ltr'>ingenii,</span> <span class='ocrx_word' id='word_1_45' title='bbox 330 799 473 888; x_wconf 57' lang='lat' dir='ltr'>necui,</span> <span class='ocrx_word' id='word_1_46' title='bbox 489 837 511 875; x_wconf 77' lang='lat' dir='ltr'>et</span> <span class='ocrx_word' id='word_1_47' title='bbox 525 843 590 890; x_wconf 77' lang='lat' dir='ltr'>paene</span> <span class='ocrx_word' id='word_1_48' title='bbox 605 825 690 885; x_wconf 72' lang='lat' dir='ltr'>ovino,</span> <span class='ocrx_word' id='word_1_49' title='bbox 706 827 785 890; x_wconf 76' lang='lat' dir='ltr'>ipsene</span> 
     </span>
     <span class='ocr_line' id='line_1_10' title="bbox 115 890 785 951; baseline 0 -13"><span class='ocrx_word' id='word_1_50' title='bbox 115 900 183 951; x_wconf 86' lang='lat' dir='ltr'>errat,</span> <span class='ocrx_word' id='word_1_51' title='bbox 195 907 225 938; x_wconf 84' lang='lat' dir='ltr'>sn</span> <span class='ocrx_word' id='word_1_52' title='bbox 240 892 296 939; x_wconf 83' lang='lat' dir='ltr'>elios</span> <span class='ocrx_word' id='word_1_53' title='bbox 312 893 361 940; x_wconf 90' lang='lat' dir='ltr'>vult</span> <span class='ocrx_word' id='word_1_54' title='bbox 375 895 467 940; x_wconf 73' lang='lat' dir='ltr'>errore?</span> <span class='ocrx_word' id='word_1_55' title='bbox 484 907 537 940; x_wconf 92' lang='lat' dir='ltr'>cum</span> <span class='ocrx_word' id='word_1_56' title='bbox 552 891 637 950; x_wconf 82' lang='lat' dir='ltr'>scribit,</span> <span class='ocrx_word' id='word_1_57' title='bbox 649 890 785 938; x_wconf 87' lang='lat' dir='ltr'><strong>Eudemum</strong></span> 
     </span>
     <span class='ocr_line' id='line_1_11' title="bbox 115 954 785 1018; baseline 0 -16"><span class='ocrx_word' id='word_1_58' title='bbox 115 954 238 1018; x_wconf 82' lang='lat' dir='ltr'>Cyprium,</span> <span class='ocrx_word' id='word_1_59' title='bbox 250 955 388 1006; x_wconf 73' lang='lat' dir='ltr'><strong>familiarem</strong></span> <span class='ocrx_word' id='word_1_60' title='bbox 398 972 475 1016; x_wconf 88' lang='lat' dir='ltr'>suum,</span> <span class='ocrx_word' id='word_1_61' title='bbox 487 957 529 1003; x_wconf 85' lang='lat' dir='ltr'>iter</span> <span class='ocrx_word' id='word_1_62' title='bbox 539 956 564 1002; x_wconf 91' lang='lat' dir='ltr'>in</span> <span class='ocrx_word' id='word_1_63' title='bbox 576 955 738 1003; x_wconf 78' lang='lat' dir='ltr'>Macedonium</span> <span class='ocrx_word' id='word_1_64' title='bbox 749 955 785 1002; x_wconf 73' lang='lat' dir='ltr'>fa·</span> 
     </span>
     <span class='ocr_line' id='line_1_12' title="bbox 115 1019 786 1084; baseline 0.003 -18"><span class='ocrx_word' id='word_1_65' title='bbox 115 1019 221 1079; x_wconf 78' lang='lat' dir='ltr'>cientem,</span> <span class='ocrx_word' id='word_1_66' title='bbox 235 1020 321 1067; x_wconf 78' lang='lat' dir='ltr'>Pheras</span> <span class='ocrx_word' id='word_1_67' title='bbox 332 1021 433 1076; x_wconf 62' lang='lat' dir='ltr'>venirem</span> <span class='ocrx_word' id='word_1_68' title='bbox 450 1037 502 1084; x_wconf 81' lang='lat' dir='ltr'>quae</span> <span class='ocrx_word' id='word_1_69' title='bbox 511 1021 621 1067; x_wconf 79' lang='lat' dir='ltr'>ereturbs</span> <span class='ocrx_word' id='word_1_70' title='bbox 631 1019 786 1068; x_wconf 65' lang='lat' dir='ltr'>indueretis</span> 
     </span>
     <span class='ocr_line' id='line_1_13' title="bbox 114 1080 785 1147; baseline 0.003 -19"><span class='ocrx_word' id='word_1_71' title='bbox 114 1089 166 1129; x_wconf 87' lang='lat' dir='ltr'>tum</span> <span class='ocrx_word' id='word_1_72' title='bbox 177 1080 303 1131; x_wconf 81' lang='lat' dir='ltr'><strong>admodum</strong></span> <span class='ocrx_word' id='word_1_73' title='bbox 313 1084 404 1142; x_wconf 84' lang='lat' dir='ltr'>nobilis,</span> <span class='ocrx_word' id='word_1_74' title='bbox 415 1087 445 1132; x_wconf 79' lang='lat' dir='ltr'>ab</span> <span class='ocrx_word' id='word_1_75' title='bbox 453 1084 587 1132; x_wconf 80' lang='lat' dir='ltr'>Alexandro</span> <span class='ocrx_word' id='word_1_76' title='bbox 598 1092 676 1132; x_wconf 84' lang='lat' dir='ltr'>autem</span> <span class='ocrx_word' id='word_1_77' title='bbox 687 1092 785 1147; x_wconf 79' lang='lat' dir='ltr'><strong>tyranno</strong></span> 
     </span>
     <span class='ocr_line' id='line_1_14' title="bbox 114 1146 784 1212; baseline 0.004 -19"><span class='ocrx_word' id='word_1_78' title='bbox 114 1146 202 1193; x_wconf 90' lang='lat' dir='ltr'>crudeli</span> <span class='ocrx_word' id='word_1_79' title='bbox 212 1147 332 1195; x_wconf 79' lang='lat' dir='ltr'>dominatu</span> <span class='ocrx_word' id='word_1_80' title='bbox 343 1151 469 1196; x_wconf 77' lang='lat' dir='ltr'>tenebatur.</span> <span class='ocrx_word' id='word_1_81' title='bbox 494 1149 523 1196; x_wconf 91' lang='lat' dir='ltr'>In</span> <span class='ocrx_word' id='word_1_82' title='bbox 535 1163 561 1196; x_wconf 92' lang='lat' dir='ltr'>eo</span> <span class='ocrx_word' id='word_1_83' title='bbox 572 1148 643 1210; x_wconf 82' lang='lat' dir='ltr'>igitur</span> <span class='ocrx_word' id='word_1_84' title='bbox 657 1147 740 1212; x_wconf 90' lang='lat' dir='ltr'>oppido</span> <span class='ocrx_word' id='word_1_85' title='bbox 750 1147 784 1196; x_wconf 78' lang='lat' dir='ltr'>ite</span> 
     </span>
     <span class='ocr_line' id='line_1_15' title="bbox 113 1210 784 1274; baseline 0.004 -17"><span class='ocrx_word' id='word_1_86' title='bbox 113 1211 213 1272; x_wconf 76' lang='lat' dir='ltr'>graviter</span> <span class='ocrx_word' id='word_1_87' title='bbox 224 1227 312 1274; x_wconf 72' lang='lat' dir='ltr'>ugrum</span> <span class='ocrx_word' id='word_1_88' title='bbox 323 1211 457 1262; x_wconf 87' lang='lat' dir='ltr'><strong>Eudemum</strong></span> <span class='ocrx_word' id='word_1_89' title='bbox 472 1212 550 1273; x_wconf 83' lang='lat' dir='ltr'>fuisse,</span> <span class='ocrx_word' id='word_1_90' title='bbox 564 1221 592 1259; x_wconf 90' lang='lat' dir='ltr'>ut</span> <span class='ocrx_word' id='word_1_91' title='bbox 607 1227 686 1260; x_wconf 86' lang='lat' dir='ltr'>omnes</span> <span class='ocrx_word' id='word_1_92' title='bbox 701 1210 784 1260; x_wconf 84' lang='lat' dir='ltr'>medici</span> 
     </span>
     <span class='ocr_line' id='line_1_16' title="bbox 114 1273 784 1342; baseline 0.004 -21"><span class='ocrx_word' id='word_1_93' title='bbox 114 1273 257 1324; x_wconf 82' lang='lat' dir='ltr'>diffiderent:</span> <span class='ocrx_word' id='word_1_94' title='bbox 276 1277 297 1324; x_wconf 89' lang='lat' dir='ltr'>ei</span> <span class='ocrx_word' id='word_1_95' title='bbox 308 1277 382 1326; x_wconf 86' lang='lat' dir='ltr'>visum</span> <span class='ocrx_word' id='word_1_96' title='bbox 393 1277 500 1342; x_wconf 88' lang='lat' dir='ltr'>inquiete</span> <span class='ocrx_word' id='word_1_97' title='bbox 509 1276 599 1342; x_wconf 73' lang='lat' dir='ltr'>egregii</span> <span class='ocrx_word' id='word_1_98' title='bbox 608 1276 666 1326; x_wconf 76' lang='lat' dir='ltr'>facie</span> <span class='ocrx_word' id='word_1_99' title='bbox 674 1278 784 1338; x_wconf 86' lang='lat' dir='ltr'>juvenem</span> 
     </span>
     <span class='ocr_line' id='line_1_17' title="bbox 113 1337 784 1406; baseline 0.004 -20"><span class='ocrx_word' id='word_1_100' title='bbox 113 1337 196 1401; x_wconf 87' lang='lat' dir='ltr'>dicere,</span> <span class='ocrx_word' id='word_1_101' title='bbox 208 1340 265 1401; x_wconf 80' lang='lat' dir='ltr'>fore,</span> <span class='ocrx_word' id='word_1_102' title='bbox 276 1351 304 1389; x_wconf 87' lang='lat' dir='ltr'>ut</span> <span class='ocrx_word' id='word_1_103' title='bbox 313 1343 417 1406; x_wconf 83' lang='lat' dir='ltr'>perbrevi</span> <span class='ocrx_word' id='word_1_104' title='bbox 425 1343 596 1402; x_wconf 75' lang='lat' dir='ltr'>convalesceret,</span> <span class='ocrx_word' id='word_1_105' title='bbox 604 1341 729 1406; x_wconf 76' lang='lat' dir='ltr'>paucisque</span> <span class='ocrx_word' id='word_1_106' title='bbox 736 1340 784 1389; x_wconf 83' lang='lat' dir='ltr'>die-</span> 
     </span>
    </p>
   </div>
   <div class='ocr_carea' id='block_1_5' title="bbox 113 1403 924 1474">
    <p class='ocr_par' dir='ltr' id='par_1_5' title="bbox 113 1403 924 1474">
     <span class='ocr_line' id='line_1_18' title="bbox 113 1403 924 1474; baseline 0.001 -22"><span class='ocrx_word' id='word_1_107' title='bbox 113 1403 495 1460; x_wconf 80' lang='lat' dir='ltr'>businteriturumAlexendrumt</span> <span class='ocrx_word' id='word_1_108' title='bbox 568 1407 817 1470; x_wconf 53' lang='lat' dir='ltr'>um,ipsumeutcm,</span> <span class='ocrx_word' id='word_1_109' title='bbox 923 1453 924 1474; x_wconf 50' lang='lat'>,</span> 
     </span>
    </p>
   </div>
   <div class='ocr_carea' id='block_1_6' title="bbox 113 1467 783 1536">
    <p class='ocr_par' dir='ltr' id='par_1_6' title="bbox 113 1467 783 1536">
     <span class='ocr_line' id='line_1_19' title="bbox 113 1467 783 1536; baseline 0.003 -20"><span class='ocrx_word' id='word_1_110' title='bbox 113 1467 250 1520; x_wconf 84' lang='lat' dir='ltr'><strong>Eudemum</strong></span> <span class='ocrx_word' id='word_1_111' title='bbox 258 1471 417 1536; x_wconf 90' lang='lat' dir='ltr'>quinquennio</span> <span class='ocrx_word' id='word_1_112' title='bbox 428 1481 479 1536; x_wconf 90' lang='lat' dir='ltr'>post</span> <span class='ocrx_word' id='word_1_113' title='bbox 503 1487 583 1519; x_wconf 91' lang='lat' dir='ltr'>omum</span> <span class='ocrx_word' id='word_1_114' title='bbox 594 1487 640 1518; x_wconf 86' lang='lat' dir='ltr'>esse</span> <span class='ocrx_word' id='word_1_115' title='bbox 647 1469 783 1518; x_wconf 87' lang='lat' dir='ltr'>rediturum.</span> 
     </span>
    </p>
   </div>
   <div class='ocr_carea' id='block_1_7' title="bbox 4 1532 784 1598">
    <p class='ocr_par' dir='ltr' id='par_1_7' title="bbox 4 1532 784 1598">
     <span class='ocr_line' id='line_1_20' title="bbox 4 1532 784 1598; baseline 0.003 -18"><span class='ocrx_word' id='word_1_116' title='bbox 4 1562 16 1574; x_wconf 83' lang='lat'>-</span> <span class='ocrx_word' id='word_1_117' title='bbox 113 1532 196 1597; x_wconf 81' lang='lat' dir='ltr'>Atque</span> <span class='ocrx_word' id='word_1_118' title='bbox 212 1536 246 1584; x_wconf 78' lang='lat' dir='ltr'>ite</span> <span class='ocrx_word' id='word_1_119' title='bbox 260 1536 354 1598; x_wconf 88' lang='lat' dir='ltr'>quidem</span> <span class='ocrx_word' id='word_1_120' title='bbox 369 1537 444 1598; x_wconf 80' lang='lat' dir='ltr'>prims</span> <span class='ocrx_word' id='word_1_121' title='bbox 460 1537 538 1582; x_wconf 75' lang='lat' dir='ltr'>stetim</span> <span class='ocrx_word' id='word_1_122' title='bbox 554 1534 631 1582; x_wconf 78' lang='lat' dir='ltr'>scribit</span> <span class='ocrx_word' id='word_1_123' title='bbox 648 1535 784 1582; x_wconf 83' lang='lat' dir='ltr'>Aristoteles</span> 
     </span>
    </p>
   </div>
   <div class='ocr_carea' id='block_1_8' title="bbox 111 1597 784 2236">
    <p class='ocr_par' dir='ltr' id='par_1_8' title="bbox 111 1597 784 2236">
     <span class='ocr_line' id='line_1_21' title="bbox 113 1597 784 1653; baseline 0.004 -10"><span class='ocrx_word' id='word_1_124' title='bbox 113 1607 249 1653; x_wconf 70' lang='lat' dir='ltr'>consecuta,</span> <span class='ocrx_word' id='word_1_125' title='bbox 267 1607 290 1644; x_wconf 93' lang='lat' dir='ltr'>et</span> <span class='ocrx_word' id='word_1_126' title='bbox 300 1599 441 1646; x_wconf 76' lang='lat' dir='ltr'>convaluisse</span> <span class='ocrx_word' id='word_1_127' title='bbox 456 1597 607 1653; x_wconf 68' lang='lat' dir='ltr'><strong>Eudemum</strong></span> <span class='ocrx_word' id='word_1_128' title='bbox 624 1605 647 1644; x_wconf 91' lang='lat' dir='ltr'>et</span> <span class='ocrx_word' id='word_1_129' title='bbox 661 1598 691 1645; x_wconf 78' lang='lat' dir='ltr'>cb</span> <span class='ocrx_word' id='word_1_130' title='bbox 705 1598 784 1646; x_wconf 82' lang='lat' dir='ltr'>uxon&#39;s</span> 
     </span>
     <span class='ocr_line' id='line_1_22' title="bbox 112 1657 784 1724; baseline 0.007 -20"><span class='ocrx_word' id='word_1_131' title='bbox 112 1657 222 1708; x_wconf 74' lang='lat' dir='ltr'>iratribus</span> <span class='ocrx_word' id='word_1_132' title='bbox 232 1661 378 1708; x_wconf 83' lang='lat' dir='ltr'>interfectum</span> <span class='ocrx_word' id='word_1_133' title='bbox 388 1670 528 1724; x_wconf 74' lang='lat' dir='ltr'>tyrannume</span> <span class='ocrx_word' id='word_1_134' title='bbox 545 1661 626 1724; x_wconf 79' lang='lat' dir='ltr'>quinto</span> <span class='ocrx_word' id='word_1_135' title='bbox 634 1669 712 1707; x_wconf 75' lang='lat' dir='ltr'>eutem</span> <span class='ocrx_word' id='word_1_136' title='bbox 723 1675 784 1710; x_wconf 80' lang='lat' dir='ltr'>enno</span> 
     </span>
     <span class='ocr_line' id='line_1_23' title="bbox 113 1724 784 1787; baseline 0.009 -21"><span class='ocrx_word' id='word_1_137' title='bbox 113 1732 219 1782; x_wconf 82' lang='lat' dir='ltr'>exeunte,</span> <span class='ocrx_word' id='word_1_138' title='bbox 231 1738 286 1770; x_wconf 89' lang='lat' dir='ltr'>cum</span> <span class='ocrx_word' id='word_1_139' title='bbox 299 1731 356 1771; x_wconf 86' lang='lat' dir='ltr'>esset</span> <span class='ocrx_word' id='word_1_140' title='bbox 374 1740 424 1786; x_wconf 87' lang='lat' dir='ltr'>spes</span> <span class='ocrx_word' id='word_1_141' title='bbox 439 1740 468 1772; x_wconf 90' lang='lat' dir='ltr'>ex</span> <span class='ocrx_word' id='word_1_142' title='bbox 483 1725 523 1771; x_wconf 92' lang='lat' dir='ltr'>illo</span> <span class='ocrx_word' id='word_1_143' title='bbox 534 1724 631 1784; x_wconf 84' lang='lat' dir='ltr'>somnio,</span> <span class='ocrx_word' id='word_1_144' title='bbox 642 1724 668 1770; x_wconf 90' lang='lat' dir='ltr'>in</span> <span class='ocrx_word' id='word_1_145' title='bbox 678 1724 784 1787; x_wconf 79' lang='lat' dir='ltr'><strong>Cyprum</strong></span> 
     </span>
     <span class='ocr_line' id='line_1_24' title="bbox 112 1782 784 1862; baseline 0.012 -32"><span class='ocrx_word' id='word_1_146' title='bbox 112 1782 181 1834; x_wconf 85' lang='lat' dir='ltr'>illum</span> <span class='ocrx_word' id='word_1_147' title='bbox 193 1801 221 1832; x_wconf 84' lang='lat' dir='ltr'>ex</span> <span class='ocrx_word' id='word_1_148' title='bbox 236 1786 315 1836; x_wconf 71' lang='lat' dir='ltr'>sicilie</span> <span class='ocrx_word' id='word_1_149' title='bbox 326 1803 373 1834; x_wconf 80' lang='lat' dir='ltr'>esse</span> <span class='ocrx_word' id='word_1_150' title='bbox 383 1788 519 1848; x_wconf 71' lang='lat' dir='ltr'>redimam,</span> <span class='ocrx_word' id='word_1_151' title='bbox 535 1787 678 1862; x_wconf 78' lang='lat' dir='ltr'>proelinntem</span> <span class='ocrx_word' id='word_1_152' title='bbox 688 1801 743 1836; x_wconf 90' lang='lat' dir='ltr'>eum</span> <span class='ocrx_word' id='word_1_153' title='bbox 754 1787 784 1838; x_wconf 81' lang='lat' dir='ltr'>cd</span> 
     </span>
     <span class='ocr_line' id='line_1_25' title="bbox 113 1847 783 1915; baseline 0.009 -21"><span class='ocrx_word' id='word_1_154' title='bbox 113 1847 237 1910; x_wconf 79' lang='lat' dir='ltr'>Syracusas</span> <span class='ocrx_word' id='word_1_155' title='bbox 247 1849 369 1898; x_wconf 76' lang='lat' dir='ltr'>occidisse:</span> <span class='ocrx_word' id='word_1_156' title='bbox 385 1867 415 1899; x_wconf 87' lang='lat' dir='ltr'>ex</span> <span class='ocrx_word' id='word_1_157' title='bbox 426 1867 473 1915; x_wconf 91' lang='lat' dir='ltr'>quo</span> <span class='ocrx_word' id='word_1_158' title='bbox 487 1851 521 1899; x_wconf 83' lang='lat' dir='ltr'>ite</span> <span class='ocrx_word' id='word_1_159' title='bbox 534 1851 593 1898; x_wconf 80' lang='lat' dir='ltr'>illud</span> <span class='ocrx_word' id='word_1_160' title='bbox 608 1851 725 1900; x_wconf 86' lang='lat' dir='ltr'>somnium</span> <span class='ocrx_word' id='word_1_161' title='bbox 735 1867 783 1900; x_wconf 66' lang='lat' dir='ltr'>mse</span> 
     </span>
     <span class='ocr_line' id='line_1_26' title="bbox 111 1909 784 1980; baseline 0.009 -22"><span class='ocrx_word' id='word_1_162' title='bbox 111 1909 294 1976; x_wconf 74' lang='lat' dir='ltr'>interpretatum,</span> <span class='ocrx_word' id='word_1_163' title='bbox 312 1919 347 1974; x_wconf 85' lang='lat' dir='ltr'>ut,</span> <span class='ocrx_word' id='word_1_164' title='bbox 367 1929 421 1963; x_wconf 91' lang='lat' dir='ltr'>cum</span> <span class='ocrx_word' id='word_1_165' title='bbox 436 1916 527 1963; x_wconf 78' lang='lat' dir='ltr'>animus</span> <span class='ocrx_word' id='word_1_166' title='bbox 543 1915 645 1963; x_wconf 81' lang='lat' dir='ltr'>Eudemi</span> <span class='ocrx_word' id='word_1_167' title='bbox 662 1931 675 1964; x_wconf 89' lang='lat' dir='ltr'>e</span> <span class='ocrx_word' id='word_1_168' title='bbox 691 1929 784 1980; x_wconf 86' lang='lat' dir='ltr'>corpore</span> 
     </span>
     <span class='ocr_line' id='line_1_27' title="bbox 111 1977 658 2038; baseline 0.007 -16"><span class='ocrx_word' id='word_1_169' title='bbox 111 1977 239 2038; x_wconf 80' lang='lat' dir='ltr'>excesserit,</span> <span class='ocrx_word' id='word_1_170' title='bbox 252 1987 303 2025; x_wconf 87' lang='lat' dir='ltr'>tum</span> <span class='ocrx_word' id='word_1_171' title='bbox 314 1978 410 2026; x_wconf 89' lang='lat' dir='ltr'><strong>domum</strong></span> <span class='ocrx_word' id='word_1_172' title='bbox 421 1979 537 2028; x_wconf 86' lang='lat' dir='ltr'>revertisse</span> <span class='ocrx_word' id='word_1_173' title='bbox 547 1979 658 2028; x_wconf 70' lang='lat' dir='ltr'>videatur.</span> 
     </span>
     <span class='ocr_line' id='line_1_28' title="bbox 143 2040 780 2107; baseline 0.009 -20"><span class='ocrx_word' id='word_1_174' title='bbox 143 2040 310 2103; x_wconf 82' lang='lat' dir='ltr'>Adjungamus</span> <span class='ocrx_word' id='word_1_175' title='bbox 324 2043 466 2107; x_wconf 82' lang='lat' dir='ltr'>philosophis</span> <span class='ocrx_word' id='word_1_176' title='bbox 480 2043 638 2092; x_wconf 84' lang='lat' dir='ltr'>doctissimum</span> <span class='ocrx_word' id='word_1_177' title='bbox 653 2044 780 2104; x_wconf 88' lang='lat' dir='ltr'>hominem,</span> 
     </span>
     <span class='ocr_line' id='line_1_29' title="bbox 111 2103 781 2236; baseline 0.006 -22"><span class='ocrx_word' id='word_1_178' title='bbox 111 2103 741 2236; x_wconf 49' lang='lat' dir='ltr'>ffilllffifflcsgllffissff’gffl</span> <span class='ocrx_word' id='word_1_179' title='bbox 752 2123 781 2218; x_wconf 66' lang='lat' dir='ltr'>t:</span> 
     </span>
    </p>
   </div>
   <div class='ocr_carea' id='block_1_9' title="bbox 34 2232 781 2300">
    <p class='ocr_par' dir='ltr' id='par_1_9' title="bbox 34 2232 781 2300">
     <span class='ocr_line' id='line_1_30' title="bbox 34 2232 781 2300; baseline 0.008 -23"><span class='ocrx_word' id='word_1_180' title='bbox 34 2277 36 2287; x_wconf 68' lang='grc'><strong>,</strong></span> <span class='ocrx_word' id='word_1_181' title='bbox 112 2233 199 2280; x_wconf 83' lang='lat' dir='ltr'>somnis</span> <span class='ocrx_word' id='word_1_182' title='bbox 209 2232 266 2280; x_wconf 90' lang='lat' dir='ltr'>vidit</span> <span class='ocrx_word' id='word_1_183' title='bbox 276 2233 353 2296; x_wconf 86' lang='lat' dir='ltr'>ipsum</span> <span class='ocrx_word' id='word_1_184' title='bbox 365 2235 442 2283; x_wconf 87' lang='lat' dir='ltr'>Deum</span> <span class='ocrx_word' id='word_1_185' title='bbox 458 2237 580 2297; x_wconf 86' lang='lat' dir='ltr'>dicentem,</span> <span class='ocrx_word' id='word_1_186' title='bbox 591 2237 633 2300; x_wconf 94' lang='lat' dir='ltr'>qui</span> <span class='ocrx_word' id='word_1_187' title='bbox 647 2235 672 2283; x_wconf 94' lang='lat' dir='ltr'>id</span> <span class='ocrx_word' id='word_1_188' title='bbox 686 2234 781 2283; x_wconf 77' lang='lat' dir='ltr'>fecisset.</span> 
     </span>
    </p>
   </div>
   <div class='ocr_carea' id='block_1_10' title="bbox 111 2293 782 2681">
    <p class='ocr_par' dir='ltr' id='par_1_10' title="bbox 111 2293 782 2681">
     <span class='ocr_line' id='line_1_31' title="bbox 112 2293 782 2364; baseline 0.009 -22"><span class='ocrx_word' id='word_1_189' title='bbox 112 2293 185 2352; x_wconf 87' lang='lat' dir='ltr'>Quod</span> <span class='ocrx_word' id='word_1_190' title='bbox 196 2297 266 2344; x_wconf 85' lang='lat' dir='ltr'>semel</span> <span class='ocrx_word' id='word_1_191' title='bbox 276 2298 316 2346; x_wconf 86' lang='lat' dir='ltr'>ille</span> <span class='ocrx_word' id='word_1_192' title='bbox 326 2299 455 2364; x_wconf 89' lang='lat' dir='ltr'>iterumque</span> <span class='ocrx_word' id='word_1_193' title='bbox 469 2301 577 2364; x_wconf 83' lang='lat' dir='ltr'>neglexit.</span> <span class='ocrx_word' id='word_1_194' title='bbox 597 2300 647 2348; x_wconf 92' lang='lat' dir='ltr'>Ubi</span> <span class='ocrx_word' id='word_1_195' title='bbox 662 2299 724 2348; x_wconf 86' lang='lat' dir='ltr'>idem</span> <span class='ocrx_word' id='word_1_196' title='bbox 740 2315 782 2348; x_wconf 79' lang='lat' dir='ltr'>ere·</span> 
     </span>
     <span class='ocr_line' id='line_1_32' title="bbox 111 2358 782 2428; baseline 0.007 -21"><span class='ocrx_word' id='word_1_197' title='bbox 111 2358 173 2421; x_wconf 87' lang='lat' dir='ltr'>pius,</span> <span class='ocrx_word' id='word_1_198' title='bbox 181 2361 296 2410; x_wconf 77' lang='lat' dir='ltr'>adscendit</span> <span class='ocrx_word' id='word_1_199' title='bbox 306 2363 500 2428; x_wconf 77' lang='lat' dir='ltr'>inAreopagmnr</span> <span class='ocrx_word' id='word_1_200' title='bbox 513 2364 596 2414; x_wconf 89' lang='lat' dir='ltr'>detulit</span> <span class='ocrx_word' id='word_1_201' title='bbox 603 2380 660 2413; x_wconf 85' lang='lat' dir='ltr'>rem.</span> <span class='ocrx_word' id='word_1_202' title='bbox 676 2365 782 2428; x_wconf 76' lang='lat' dir='ltr'>Areopo-</span> 
     </span>
     <span class='ocr_line' id='line_1_33' title="bbox 111 2422 782 2494; baseline 0.006 -22"><span class='ocrx_word' id='word_1_203' title='bbox 111 2422 167 2486; x_wconf 74' lang='lat' dir='ltr'>gito</span> <span class='ocrx_word' id='word_1_204' title='bbox 181 2427 342 2490; x_wconf 86' lang='lat' dir='ltr'>comprehendi</span> <span class='ocrx_word' id='word_1_205' title='bbox 350 2429 433 2490; x_wconf 85' lang='lat' dir='ltr'>jubent</span> <span class='ocrx_word' id='word_1_206' title='bbox 448 2445 510 2491; x_wconf 88' lang='lat' dir='ltr'>eum,</span> <span class='ocrx_word' id='word_1_207' title='bbox 525 2431 568 2494; x_wconf 90' lang='lat' dir='ltr'>qui</span> <span class='ocrx_word' id='word_1_208' title='bbox 582 2447 597 2478; x_wconf 81' lang='lat' dir='ltr'><strong>a</strong></span> <span class='ocrx_word' id='word_1_209' title='bbox 611 2429 723 2494; x_wconf 84' lang='lat' dir='ltr'>Sophocle</span> <span class='ocrx_word' id='word_1_210' title='bbox 734 2437 782 2477; x_wconf 80' lang='lat' dir='ltr'>eret</span> 
     </span>
     <span class='ocr_line' id='line_1_34' title="bbox 111 2490 780 2568; baseline 0.007 -31"><span class='ocrx_word' id='word_1_211' title='bbox 111 2490 250 2538; x_wconf 74' lang='lat' dir='ltr'>nominatus.</span> <span class='ocrx_word' id='word_1_212' title='bbox 276 2492 309 2553; x_wconf 89' lang='lat' dir='ltr'>Is,</span> <span class='ocrx_word' id='word_1_213' title='bbox 330 2495 455 2568; x_wconf 75' lang='lat' dir='ltr'>quaestione</span> <span class='ocrx_word' id='word_1_214' title='bbox 471 2495 583 2556; x_wconf 69' lang='lat' dir='ltr'>adhinc,</span> <span class='ocrx_word' id='word_1_215' title='bbox 603 2495 718 2543; x_wconf 80' lang='lat' dir='ltr'>confessus</span> <span class='ocrx_word' id='word_1_216' title='bbox 737 2503 780 2555; x_wconf 80' lang='lat' dir='ltr'>est,</span> 
     </span>
     <span class='ocr_line' id='line_1_35' title="bbox 112 2557 780 2622; baseline 0.013 -21"><span class='ocrx_word' id='word_1_217' title='bbox 112 2562 261 2619; x_wconf 82' lang='lat' dir='ltr'>poteramque</span> <span class='ocrx_word' id='word_1_218' title='bbox 275 2558 360 2606; x_wconf 75' lang='lat' dir='ltr'>retulit.</span> <span class='ocrx_word' id='word_1_219' title='bbox 383 2557 440 2618; x_wconf 89' lang='lat' dir='ltr'>Quo</span> <span class='ocrx_word' id='word_1_220' title='bbox 450 2559 519 2622; x_wconf 77' lang='lat' dir='ltr'>fecto,</span> <span class='ocrx_word' id='word_1_221' title='bbox 531 2559 613 2610; x_wconf 80' lang='lat' dir='ltr'>senum</span> <span class='ocrx_word' id='word_1_222' title='bbox 623 2559 683 2610; x_wconf 88' lang='lat' dir='ltr'>illud</span> <span class='ocrx_word' id='word_1_223' title='bbox 694 2558 780 2610; x_wconf 82' lang='lat' dir='ltr'>Indicis</span> 
     </span>
     <span class='ocr_line' id='line_1_36' title="bbox 113 2615 559 2681; baseline 0.016 -15"><span class='ocrx_word' id='word_1_224' title='bbox 113 2615 223 2681; x_wconf 83' lang='lat' dir='ltr'>Herculis</span> <span class='ocrx_word' id='word_1_225' title='bbox 233 2622 378 2679; x_wconf 68' lang='lat' dir='ltr'>nominatum</span> <span class='ocrx_word' id='word_1_226' title='bbox 388 2631 429 2672; x_wconf 84' lang='lat' dir='ltr'>est.</span> <span class='ocrx_word' id='word_1_227' title='bbox 558 2631 559 2634; x_wconf 75' lang='grc'>’</span> 
     </span>
    </p>
   </div>
   <div class='ocr_carea' id='block_1_11' title="bbox 0 0 934 2946">
    <p class='ocr_par' dir='ltr' id='par_1_11' title="bbox 0 0 934 2946">
     <span class='ocr_line' id='line_1_37' title="bbox 0 0 934 2946; baseline 0 0"><span class='ocrx_word' id='word_1_228' title='bbox 0 0 934 2946; x_wconf 95' lang='lat' dir='ltr'> </span> 
     </span>
    </p>
   </div>
  </div>
 </body>
</html>
