1864 2958
236 135 283 193 DE
299 136 513 200 annuorum,
530 138 593 190 liar·
606 137 644 189 lt.
724 137 773 188 tol·

103 263 205 326 expletio
213 264 617 330 juumdlueeotoareraquamfruit
630 275 774 331 quamquam

104 342 155 376 non
166 337 226 376 earet
236 329 264 386 ie,
276 330 317 392 qui
327 345 374 377 non
384 329 502 378 desiderat.
525 331 590 393 Ergo
599 330 643 378 hoo
653 344 700 379 non
714 329 774 380 deni·

103 391 195 451 derare,
207 392 257 440 dice
268 408 315 442 esse
324 393 457 456 jucundius,
464 402 540 458 'quam
550 394 603 442 frui.

139 454 212 513 Quod
223 456 242 503 ci
256 457 305 504 istie
319 457 373 520 ipsiu
384 457 538 520 voluptatibus
549 461 609 506 bona
623 466 677 506 retae
689 457 774 506 fruitur

103 519 232 577 libentiuoe
268 521 354 570 rimum
369 522 469 584 parvulis
483 522 567 570 fruitur
581 523 657 580 rebus,
672 531 699 569 ut
714 522 774 570 dixi»

104 599 175 632 mus:
191 585 243 632 dein
260 602 272 634 e
282 585 318 645 iis,
330 587 414 649 quibus
424 595 534 644 senectus,
546 585 565 633 ei
575 600 622 633 nun
632 584 723 633 abunde
730 601 774 659 po-

105 647 173 707 titur,
195 661 243 696 non
263 650 357 698 omnino
378 658 445 700 caret.
473 651 508 698 Ut
525 649 645 714 Turpione
662 649 775 697 Ambivio

104 712 182 774 magis
192 712 324 773 delectatur,
336 715 377 778 qui
387 715 411 762 in
421 714 575 778 primieavei
585 721 685 778 spectot3
702 713 776 760 deleo-

105 783 170 824 tatur
183 785 269 837 tamen,
285 778 353 826 etiam
368 778 409 842 qui
423 779 447 826 in
464 778 554 839 ultimi,
570 778 602 826 uic
616 776 775 835 adelmanno,

105 841 237 902 voluptates
254 858 325 906 prope
343 842 443 901 intuens,
462 843 536 906 magio
554 842 648 890 fortasse
666 842 773 888 letaturr

107 903 149 951 eed
164 904 289 954 delectatur
304 906 373 954 etiam
389 916 500 967 umectus,
515 907 595 970 procul
609 923 647 954 eae
662 914 774 969 spectant,

106 976 209 1026 tantum,
221 980 334 1032 quantum
350 979 385 1018 sat
398 979 438 1019 eet.
461 973 497 1020 Ar
509 972 550 1020 illa
560 971 641 1034 quanti
651 978 713 1029 runt,
725 969 811 1018 anie*

107 1047 185 1092 mum,
199 1040 318 1097 tamquam
332 1035 431 1084 emeritis
445 1035 562 1099 stipendiis
575 1035 685 1094 libidinis,
700 1033 776 1082 ambi·

107 1095 185 1157 tionie,
197 1099 355 1157 contentionis,
366 1099 546 1157 inimicitiarum,
560 1099 712 1162 cupiditatum
724 1113 776 1146 orn-

107 1160 184 1220 nium‚
196 1177 273 1209 eecutn
284 1177 339 1221 ecoe,
351 1178 474 1226 secumque
484 1166 521 1217 (ut
531 1163 624 1222 dicitur)
636 1162 725 1210 viverel
748 1161 776 1210 si

107 1240 163 1274 vero
173 1224 243 1274 habet
253 1226 347 1290 aliquod
361 1233 481 1289 tamquam
495 1227 608 1298 pabulum
622 1226 692 1274 studii
706 1241 719 1272 a
745 1241 777 1274 ue

108 1288 226 1347 doctrina,
237 1291 296 1340 nihil
306 1300 340 1338 eet
350 1290 422 1341 otiosi
432 1289 545 1338 senectute
555 1283 687 1350 iuurndiui.
741 1289 776 1337 ori

107 1354 332 1418 pene'videbamuu,
348 1353 373 1400 in
389 1352 465 1402 etudio
483 1352 616 1405 dimetiendi
634 1351 685 1400 coeli
705 1359 777 1414 atque

109 1427 184 1477 terra,
205 1419 233 1466 C.
252 1419 357 1476 Gallum,
375 1417 512 1467 familiarem
533 1417 604 1481 putris
625 1416 668 1474 tui,
690 1415 775 1489 §cipit

109 1479 207 1539 Quoties
221 1482 289 1530 illum
306 1483 349 1530 lux
365 1490 435 1530 noctu
450 1481 537 1546 aliquid
551 1479 676 1530 describere
688 1493 777 1540 ingres·

109 1560 172 1603 rum,
191 1547 279 1658 puotiee
297 1560 344 1594 nox
362 1546 480 1612 oppressit,
500 1561 554 1594 cum
572 1559 640 1592 mane
657 1541 773 1606 ooepieeetl

110 1625 182 1672 quam
208 1611 316 1658 electabat
326 1624 389 1670 eum,
398 1611 532 1661 defectiones
540 1609 593 1658 eolis
601 1617 624 1658 et
630 1609 693 1658 luna
700 1607 777 1658 muto

110 1674 175 1720 nobis
186 1684 239 1722 ante
249 1675 384 1739 prndieerel
771 1703 776 1712 ·

142 1737 208 1796 Quid
215 1739 239 1786 in
247 1739 368 1788 levioribus
376 1737 597 1799 umdinuedtameu
604 1736 692 1788 acutie?
703 1751 776 1800 quun

109 1802 224 1864 gaudebat
234 1803 301 1850 Bello
315 1819 357 1852 ruo
372 1803 461 1854 Punioo
472 1803 582 1852 Navius!
601 1817 672 1868 quam
683 1801 777 1849 Trucu-

109 1865 172 1914 lento
184 1866 294 1914 Plautus!
313 1882 384 1929 quam
395 1867 523 1916 Pseudolo!
544 1866 601 1916 Vidi
615 1866 684 1914 etiam
697 1880 777 1913 aenan

111 1927 221 1976 Livium:
238 1928 288 1990 qui,
299 1944 352 1976 eum
362 1945 403 1976 rex
413 1943 484 1978 annos
494 1939 556 1987 ante,
567 1945 638 1993 quam
652 1945 695 1991 ego
707 1936 776 1978 natm

111 2007 172 2047 tum,
183 1990 286 2038 fabulam
300 1991 419 2050 declinet,
433 1993 535 2040 Centone
546 1993 710 2054 Tuditanoque
720 2006 776 2040 eou-

112 2054 209 2112 eulibue,
232 2069 249 2100 u
276 2069 306 2102 ue
326 2054 356 2102 ad
376 2055 550 2104 adolescentiam
571 2071 648 2103 meam
668 2055 776 2116 proceadt

112 2125 184 2166 atate.
208 2115 257 2176 Qui
286 2117 316 2165 de
330 2118 358 2165 P.
370 2118 454 2166 Licinii
464 2119 540 2167 Crassi
554 2126 577 2166 et
591 2117 700 2181 pontificii
711 2125 733 2166 et
743 2117 776 2166 ci.
813 2135 817 2150 x

112 2181 163 2232 vilis
175 2181 234 2243 jurio
248 2181 323 2230 studio
333 2182 428 2245 loquar?
446 2191 487 2230 aut
497 2182 526 2230 de
535 2182 605 2242 hujus
616 2182 644 2230 Ρ.
654 2181 776 2244 Scipionis,

128 2246 153 2292 ui
163 2245 199 2294 his
209 2246 287 2309 paucis
298 2245 377 2294 diebus
387 2246 490 2310 pontifex
503 2246 618 2294 maximus
632 2245 706 2294 factus
721 2247 774 2294 eet?

111 2261 186 2374 itqui
203 2325 241 2358 eoo
256 2325 343 2369 omnes,
362 2325 419 2374 queo
437 2310 622 2369 commemoravi,
636 2309 676 2358 lrie
694 2307 776 2358 etudiin

111 2373 231 2437 flagrantes
241 2389 304 2424 senec
315 2374 420 2423 vidimus.
443 2375 480 2424 M.
492 2389 544 2423 vero
554 2375 692 2438 Cethegum,
703 2387 775 2437 quem

112 2448 169 2488 recte
189 2442 206 2468 ‘⁶
218 2439 301 2497 Suadoe
319 2439 465 2488 medullam”
486 2439 545 2488 dixit
565 2439 664 2498 Emriue,
687 2446 775 2502 quanto

113 2503 186 2552 etudio
195 2504 293 2554 exerceri
303 2504 328 2552 in
338 2504 433 2554 diceudo
443 2503 585 2564 videbamus,
596 2503 665 2552 etiam
678 2500 773 2550 eeneutl

113 2565 171 2626 Quo
180 2576 235 2620 eum
246 2568 317 2632 igitur
330 2570 460 2634 epularum,
474 2575 515 2618 aut
528 2568 645 2627 ludorum,
660 2573 701 2614 aut
715 2579 777 2614 coor-

114 2633 326 2698 ununaotupatee
334 2632 593 2698 eumhuvolupatibue
599 2628 776 2697 comparanda?
