<?xml version="1.0" encoding="UTF-8"?>
<!DOCTYPE html PUBLIC "-//W3C//DTD XHTML 1.0 Transitional//EN"
    "http://www.w3.org/TR/xhtml1/DTD/xhtml1-transitional.dtd">
<html xmlns="http://www.w3.org/1999/xhtml" xml:lang="en" lang="en">
 <head>
  <title>
</title>
<meta http-equiv="Content-Type" content="text/html;charset=utf-8" />
  <meta name='ocr-system' content='tesseract 3.04.00' />
  <meta name='ocr-capabilities' content='ocr_page ocr_carea ocr_par ocr_line ocrx_word'/>
</head>
<body>
  <div class='ocr_page' id='page_1' title='image "./operaexeditioni02cicegoog_0071.png"; bbox 0 0 1858 2946; ppageno 0'>
   <div class='ocr_carea' id='block_1_1' title="bbox 112 163 722 227">
    <p class='ocr_par' dir='ltr' id='par_1_1' title="bbox 112 163 722 227">
     <span class='ocr_line' id='line_1_1' title="bbox 112 163 722 227; baseline 0.002 -14"><span class='ocrx_word' id='word_1_1' title='bbox 112 166 144 213; x_wconf 83' lang='grc'>60</span> <span class='ocrx_word' id='word_1_2' title='bbox 171 163 218 214; x_wconf 84' lang='lat' dir='ltr'>DE</span> <span class='ocrx_word' id='word_1_3' title='bbox 236 163 489 227; x_wconf 80' lang='lat' dir='ltr'><strong>DIVINATIONE,</strong></span> <span class='ocrx_word' id='word_1_4' title='bbox 500 165 561 213; x_wconf 78' lang='lat' dir='ltr'>Lis.</span> <span class='ocrx_word' id='word_1_5' title='bbox 573 163 609 213; x_wconf 92' lang='lat'>11.</span> <span class='ocrx_word' id='word_1_6' title='bbox 620 163 685 213; x_wconf 74' lang='lat' dir='ltr'>Gur.</span> <span class='ocrx_word' id='word_1_7' title='bbox 697 165 722 214; x_wconf 80' lang='grc'>8.·</span> 
     </span>
    </p>
   </div>
   <div class='ocr_carea' id='block_1_2' title="bbox 112 293 792 2735">
    <p class='ocr_par' dir='ltr' id='par_1_2' title="bbox 112 293 784 1193">
     <span class='ocr_line' id='line_1_2' title="bbox 112 293 783 358; baseline 0.001 -18"><span class='ocrx_word' id='word_1_8' title='bbox 112 293 193 342; x_wconf 82' lang='lat' dir='ltr'>sensio.</span> <span class='ocrx_word' id='word_1_9' title='bbox 216 295 277 354; x_wconf 83' lang='lat' dir='ltr'>Aut,</span> <span class='ocrx_word' id='word_1_10' title='bbox 289 294 309 342; x_wconf 87' lang='lat' dir='ltr'>si</span> <span class='ocrx_word' id='word_1_11' title='bbox 326 309 397 358; x_wconf 83' lang='lat' dir='ltr'>negas</span> <span class='ocrx_word' id='word_1_12' title='bbox 412 309 461 344; x_wconf 85' lang='lat' dir='ltr'>esse</span> <span class='ocrx_word' id='word_1_13' title='bbox 470 294 597 354; x_wconf 69' lang='lat' dir='ltr'>sonutam,</span> <span class='ocrx_word' id='word_1_14' title='bbox 608 302 632 342; x_wconf 87' lang='lat' dir='ltr'>et</span> <span class='ocrx_word' id='word_1_15' title='bbox 641 293 719 341; x_wconf 88' lang='lat' dir='ltr'>omnia</span> <span class='ocrx_word' id='word_1_16' title='bbox 729 308 783 356; x_wconf 76' lang='lat' dir='ltr'>qua</span> 
     </span>
     <span class='ocr_line' id='line_1_3' title="bbox 113 357 783 422; baseline 0.003 -18"><span class='ocrx_word' id='word_1_17' title='bbox 113 358 181 416; x_wconf 74' lang='lat' dir='ltr'>fiunt,</span> <span class='ocrx_word' id='word_1_18' title='bbox 193 374 292 422; x_wconf 76' lang='lat' dir='ltr'>quaque</span> <span class='ocrx_word' id='word_1_19' title='bbox 301 359 381 406; x_wconf 81' lang='lat' dir='ltr'>futura</span> <span class='ocrx_word' id='word_1_20' title='bbox 396 366 459 418; x_wconf 79' lang='lat' dir='ltr'>sunt,</span> <span class='ocrx_word' id='word_1_21' title='bbox 471 358 575 407; x_wconf 84' lang='lat' dir='ltr'>exomni</span> <span class='ocrx_word' id='word_1_22' title='bbox 587 357 712 406; x_wconf 72' lang='lat' dir='ltr'>teterrime</span> <span class='ocrx_word' id='word_1_23' title='bbox 726 357 783 406; x_wconf 81' lang='lat' dir='ltr'>defi-</span> 
     </span>
     <span class='ocr_line' id='line_1_4' title="bbox 114 422 783 479; baseline 0 -11"><span class='ocrx_word' id='word_1_24' title='bbox 114 422 163 470; x_wconf 91' lang='lat' dir='ltr'>nita</span> <span class='ocrx_word' id='word_1_25' title='bbox 180 422 236 470; x_wconf 86' lang='lat' dir='ltr'>diois</span> <span class='ocrx_word' id='word_1_26' title='bbox 252 439 300 472; x_wconf 82' lang='lat' dir='ltr'>esse</span> <span class='ocrx_word' id='word_1_27' title='bbox 315 423 430 479; x_wconf 58' lang='lat' dir='ltr'>fomitem</span> <span class='ocrx_word' id='word_1_28' title='bbox 448 431 514 471; x_wconf 81' lang='lat' dir='ltr'>muta</span> <span class='ocrx_word' id='word_1_29' title='bbox 526 423 681 471; x_wconf 65' lang='lat' dir='ltr'>defiuitione·</span> <span class='ocrx_word' id='word_1_30' title='bbox 694 422 783 469; x_wconf 87' lang='lat' dir='ltr'>divina-</span> 
     </span>
     <span class='ocr_line' id='line_1_5' title="bbox 113 486 783 550; baseline 0.001 -17"><span class='ocrx_word' id='word_1_31' title='bbox 113 486 190 546; x_wconf 77' lang='lat' dir='ltr'>tIonis,</span> <span class='ocrx_word' id='word_1_32' title='bbox 198 503 269 550; x_wconf 83' lang='lat' dir='ltr'>quam</span> <span class='ocrx_word' id='word_1_33' title='bbox 277 488 367 536; x_wconf 80' lang='lat' dir='ltr'><strong>dicebas</strong></span> <span class='ocrx_word' id='word_1_34' title='bbox 377 488 552 550; x_wconf 74' lang='lat' dir='ltr'>praesensionem</span> <span class='ocrx_word' id='word_1_35' title='bbox 560 503 607 535; x_wconf 85' lang='lat' dir='ltr'>esse</span> <span class='ocrx_word' id='word_1_36' title='bbox 614 502 691 534; x_wconf 86' lang='lat' dir='ltr'>rerum</span> <span class='ocrx_word' id='word_1_37' title='bbox 701 486 783 534; x_wconf 83' lang='lat' dir='ltr'>fortui-</span> 
     </span>
     <span class='ocr_line' id='line_1_6' title="bbox 113 547 783 616; baseline 0 -18"><span class='ocrx_word' id='word_1_38' title='bbox 113 559 198 598; x_wconf 81' lang='lat' dir='ltr'>tarum.</span> <span class='ocrx_word' id='word_1_39' title='bbox 215 553 241 600; x_wconf 87' lang='lat' dir='ltr'>si</span> <span class='ocrx_word' id='word_1_40' title='bbox 251 553 314 600; x_wconf 87' lang='lat' dir='ltr'>enirn</span> <span class='ocrx_word' id='word_1_41' title='bbox 324 552 383 600; x_wconf 81' lang='lat' dir='ltr'>nihil</span> <span class='ocrx_word' id='word_1_42' title='bbox 394 551 443 600; x_wconf 88' lang='lat' dir='ltr'>fieri</span> <span class='ocrx_word' id='word_1_43' title='bbox 450 547 533 616; x_wconf 78' lang='lat' dir='ltr'>potest,</span> <span class='ocrx_word' id='word_1_44' title='bbox 541 551 599 599; x_wconf 89' lang='lat' dir='ltr'>nihil</span> <span class='ocrx_word' id='word_1_45' title='bbox 607 550 715 610; x_wconf 70' lang='lat' dir='ltr'>recidere,</span> <span class='ocrx_word' id='word_1_46' title='bbox 724 551 783 599; x_wconf 88' lang='lat' dir='ltr'>nihil</span> 
     </span>
     <span class='ocr_line' id='line_1_7' title="bbox 113 615 783 681; baseline 0 -17"><span class='ocrx_word' id='word_1_47' title='bbox 113 616 212 676; x_wconf 64' lang='lat' dir='ltr'>evenne,</span> <span class='ocrx_word' id='word_1_48' title='bbox 223 617 268 664; x_wconf 79' lang='lat' dir='ltr'>nisi</span> <span class='ocrx_word' id='word_1_49' title='bbox 282 617 345 681; x_wconf 81' lang='lat' dir='ltr'>quod</span> <span class='ocrx_word' id='word_1_50' title='bbox 359 619 388 664; x_wconf 75' lang='lat' dir='ltr'>ab</span> <span class='ocrx_word' id='word_1_51' title='bbox 399 616 464 666; x_wconf 84' lang='lat' dir='ltr'>omni</span> <span class='ocrx_word' id='word_1_52' title='bbox 479 617 603 664; x_wconf 71' lang='lat' dir='ltr'><strong>aeternitate</strong></span> <span class='ocrx_word' id='word_1_53' title='bbox 613 623 700 663; x_wconf 82' lang='lat' dir='ltr'>certum</span> <span class='ocrx_word' id='word_1_54' title='bbox 713 615 783 664; x_wconf 84' lang='lat' dir='ltr'>fuerit</span> 
     </span>
     <span class='ocr_line' id='line_1_8' title="bbox 113 679 783 744; baseline 0 -16"><span class='ocrx_word' id='word_1_55' title='bbox 113 695 161 728; x_wconf 87' lang='lat' dir='ltr'>esse</span> <span class='ocrx_word' id='word_1_56' title='bbox 168 680 275 728; x_wconf 86' lang='lat' dir='ltr'>futurum</span> <span class='ocrx_word' id='word_1_57' title='bbox 285 691 334 730; x_wconf 83' lang='lat' dir='ltr'>rato</span> <span class='ocrx_word' id='word_1_58' title='bbox 341 692 459 744; x_wconf 74' lang='lat' dir='ltr'>tempore3</span> <span class='ocrx_word' id='word_1_59' title='bbox 477 697 530 744; x_wconf 85' lang='lat' dir='ltr'>quae</span> <span class='ocrx_word' id='word_1_60' title='bbox 537 687 611 744; x_wconf 75' lang='lat' dir='ltr'>potest</span> <span class='ocrx_word' id='word_1_61' title='bbox 619 679 783 728; x_wconf 80' lang='lat' dir='ltr'>essafortuna?</span> 
     </span>
     <span class='ocr_line' id='line_1_9' title="bbox 115 743 784 810; baseline 0 -18"><span class='ocrx_word' id='word_1_62' title='bbox 115 745 163 808; x_wconf 71' lang='lat' dir='ltr'>quia</span> <span class='ocrx_word' id='word_1_63' title='bbox 174 744 273 806; x_wconf 65' lang='lat' dir='ltr'>sublati,</span> <span class='ocrx_word' id='word_1_64' title='bbox 285 747 326 810; x_wconf 91' lang='lat' dir='ltr'>qui</span> <span class='ocrx_word' id='word_1_65' title='bbox 336 747 399 794; x_wconf 87' lang='lat' dir='ltr'>locus</span> <span class='ocrx_word' id='word_1_66' title='bbox 410 755 444 793; x_wconf 86' lang='lat' dir='ltr'>eet</span> <span class='ocrx_word' id='word_1_67' title='bbox 451 743 604 793; x_wconf 73' lang='lat' dir='ltr'>ditinationi?</span> <span class='ocrx_word' id='word_1_68' title='bbox 621 759 674 807; x_wconf 84' lang='lat' dir='ltr'>quae</span> <span class='ocrx_word' id='word_1_69' title='bbox 684 752 727 792; x_wconf 81' lang='lat' dir='ltr'>ate</span> <span class='ocrx_word' id='word_1_70' title='bbox 737 744 784 792; x_wconf 83' lang='lat' dir='ltr'>for·</span> 
     </span>
     <span class='ocr_line' id='line_1_10' title="bbox 114 809 783 872; baseline 0 -16"><span class='ocrx_word' id='word_1_71' title='bbox 114 809 227 857; x_wconf 84' lang='lat' dir='ltr'>tuitarum</span> <span class='ocrx_word' id='word_1_72' title='bbox 238 825 315 858; x_wconf 88' lang='lat' dir='ltr'>rerum</span> <span class='ocrx_word' id='word_1_73' title='bbox 328 819 362 857; x_wconf 86' lang='lat' dir='ltr'>est</span> <span class='ocrx_word' id='word_1_74' title='bbox 371 809 431 857; x_wconf 86' lang='lat' dir='ltr'>dieta</span> <span class='ocrx_word' id='word_1_75' title='bbox 441 809 577 872; x_wconf 75' lang='lat' dir='ltr'>praesensioe</span> <span class='ocrx_word' id='word_1_76' title='bbox 594 823 737 870; x_wconf 80' lang='lat' dir='ltr'>quamquem</span> <span class='ocrx_word' id='word_1_77' title='bbox 747 809 783 856; x_wconf 91' lang='lat' dir='ltr'>di-</span> 
     </span>
     <span class='ocr_line' id='line_1_11' title="bbox 114 871 783 937; baseline 0.001 -17"><span class='ocrx_word' id='word_1_78' title='bbox 114 875 188 933; x_wconf 83' lang='lat' dir='ltr'>cebas,</span> <span class='ocrx_word' id='word_1_79' title='bbox 201 874 286 934; x_wconf 82' lang='lat' dir='ltr'>omnia,</span> <span class='ocrx_word' id='word_1_80' title='bbox 298 890 350 937; x_wconf 78' lang='lat' dir='ltr'>quae</span> <span class='ocrx_word' id='word_1_81' title='bbox 361 873 447 932; x_wconf 86' lang='lat' dir='ltr'>fierent,</span> <span class='ocrx_word' id='word_1_82' title='bbox 459 871 566 921; x_wconf 79' lang='lat' dir='ltr'>futurave</span> <span class='ocrx_word' id='word_1_83' title='bbox 577 880 659 929; x_wconf 85' lang='lat' dir='ltr'>esseut,</span> <span class='ocrx_word' id='word_1_84' title='bbox 670 872 718 920; x_wconf 83' lang='lat' dir='ltr'>fsto</span> <span class='ocrx_word' id='word_1_85' title='bbox 729 888 783 921; x_wconf 87' lang='lat' dir='ltr'>cou-</span> 
     </span>
     <span class='ocr_line' id='line_1_12' title="bbox 113 936 783 1000; baseline 0.003 -16"><span class='ocrx_word' id='word_1_86' title='bbox 113 937 188 984; x_wconf 84' lang='lat' dir='ltr'>tineri.</span> <span class='ocrx_word' id='word_1_87' title='bbox 205 938 277 985; x_wconf 85' lang='lat' dir='ltr'>Anile</span> <span class='ocrx_word' id='word_1_88' title='bbox 287 953 349 997; x_wconf 87' lang='lat' dir='ltr'>sane,</span> <span class='ocrx_word' id='word_1_89' title='bbox 361 948 384 985; x_wconf 90' lang='lat' dir='ltr'>et</span> <span class='ocrx_word' id='word_1_90' title='bbox 394 938 489 1000; x_wconf 82' lang='lat' dir='ltr'>plenum</span> <span class='ocrx_word' id='word_1_91' title='bbox 500 936 672 1000; x_wconf 80' lang='lat' dir='ltr'>superstitionis,</span> <span class='ocrx_word' id='word_1_92' title='bbox 685 936 727 984; x_wconf 83' lang='lat' dir='ltr'>fati</span> <span class='ocrx_word' id='word_1_93' title='bbox 740 952 783 986; x_wconf 87' lang='lat' dir='ltr'>uo-</span> 
     </span>
     <span class='ocr_line' id='line_1_13' title="bbox 114 1000 784 1064; baseline 0.003 -16"><span class='ocrx_word' id='word_1_94' title='bbox 114 1015 168 1048; x_wconf 88' lang='lat' dir='ltr'>men</span> <span class='ocrx_word' id='word_1_95' title='bbox 186 1002 277 1064; x_wconf 84' lang='lat' dir='ltr'>ipsum:</span> <span class='ocrx_word' id='word_1_96' title='bbox 294 1001 334 1049; x_wconf 82' lang='lat' dir='ltr'>sod</span> <span class='ocrx_word' id='word_1_97' title='bbox 350 1011 428 1048; x_wconf 84' lang='lat' dir='ltr'>tamen</span> <span class='ocrx_word' id='word_1_98' title='bbox 444 1001 506 1064; x_wconf 85' lang='lat' dir='ltr'>apud</span> <span class='ocrx_word' id='word_1_99' title='bbox 525 1002 613 1049; x_wconf 75' lang='lat' dir='ltr'>Stoicos</span> <span class='ocrx_word' id='word_1_100' title='bbox 630 1000 659 1048; x_wconf 89' lang='lat' dir='ltr'>de</span> <span class='ocrx_word' id='word_1_101' title='bbox 675 1001 719 1048; x_wconf 87' lang='lat' dir='ltr'>isto</span> <span class='ocrx_word' id='word_1_102' title='bbox 735 1001 784 1050; x_wconf 83' lang='lat' dir='ltr'>fato</span> 
     </span>
     <span class='ocr_line' id='line_1_14' title="bbox 113 1065 784 1128; baseline 0.006 -16"><span class='ocrx_word' id='word_1_103' title='bbox 113 1065 189 1112; x_wconf 85' lang='lat' dir='ltr'>multa</span> <span class='ocrx_word' id='word_1_104' title='bbox 204 1066 320 1125; x_wconf 87' lang='lat' dir='ltr'>dicuntur,</span> <span class='ocrx_word' id='word_1_105' title='bbox 332 1065 361 1114; x_wconf 80' lang='lat' dir='ltr'>de</span> <span class='ocrx_word' id='word_1_106' title='bbox 375 1080 422 1128; x_wconf 92' lang='lat' dir='ltr'>quo</span> <span class='ocrx_word' id='word_1_107' title='bbox 436 1065 508 1112; x_wconf 74' lang='lat' dir='ltr'>aliast</span> <span class='ocrx_word' id='word_1_108' title='bbox 526 1080 596 1123; x_wconf 85' lang='lat' dir='ltr'>nunc,</span> <span class='ocrx_word' id='word_1_109' title='bbox 614 1065 677 1127; x_wconf 91' lang='lat' dir='ltr'>quod</span> <span class='ocrx_word' id='word_1_110' title='bbox 694 1080 784 1116; x_wconf 77' lang='lat' dir='ltr'>necesse</span> 
     </span>
     <span class='ocr_line' id='line_1_15' title="bbox 113 1128 729 1193; baseline 0.003 -17"><span class='ocrx_word' id='word_1_111' title='bbox 113 1137 154 1176; x_wconf 82' lang='lat' dir='ltr'>est.</span> <span class='ocrx_word' id='word_1_112' title='bbox 172 1128 197 1177; x_wconf 89' lang='lat' dir='ltr'>Si</span> <span class='ocrx_word' id='word_1_113' title='bbox 207 1129 347 1188; x_wconf 83' lang='lat' dir='ltr'>omniafato,</span> <span class='ocrx_word' id='word_1_114' title='bbox 359 1129 416 1193; x_wconf 85' lang='lat' dir='ltr'>quid</span> <span class='ocrx_word' id='word_1_115' title='bbox 428 1129 486 1176; x_wconf 91' lang='lat' dir='ltr'>mihi</span> <span class='ocrx_word' id='word_1_116' title='bbox 496 1129 607 1178; x_wconf 77' lang='lat' dir='ltr'>divinatio</span> <span class='ocrx_word' id='word_1_117' title='bbox 617 1129 729 1192; x_wconf 84' lang='lat' dir='ltr'>prodest?</span> 
     </span>
    </p>

    <p class='ocr_par' dir='ltr' id='par_1_3' title="bbox 112 1193 785 2282">
     <span class='ocr_line' id='line_1_16' title="bbox 146 1193 784 1258; baseline -0.011 -16"><span class='ocrx_word' id='word_1_118' title='bbox 146 1193 222 1242; x_wconf 88' lang='lat' dir='ltr'><strong>VIII.</strong></span> <span class='ocrx_word' id='word_1_119' title='bbox 239 1193 311 1253; x_wconf 89' lang='lat' dir='ltr'>Quod</span> <span class='ocrx_word' id='word_1_120' title='bbox 321 1194 383 1242; x_wconf 85' lang='lat' dir='ltr'>enim</span> <span class='ocrx_word' id='word_1_121' title='bbox 394 1194 421 1253; x_wconf 87' lang='lat' dir='ltr'>is,</span> <span class='ocrx_word' id='word_1_122' title='bbox 433 1194 475 1258; x_wconf 89' lang='lat' dir='ltr'>qui</span> <span class='ocrx_word' id='word_1_123' title='bbox 484 1195 580 1254; x_wconf 78' lang='lat' dir='ltr'>diuinet,</span> <span class='ocrx_word' id='word_1_124' title='bbox 591 1193 702 1257; x_wconf 78' lang='lat' dir='ltr'>praedicit,</span> <span class='ocrx_word' id='word_1_125' title='bbox 714 1193 738 1242; x_wconf 89' lang='lat' dir='ltr'>id</span> <span class='ocrx_word' id='word_1_126' title='bbox 745 1211 784 1243; x_wconf 79' lang='lat' dir='ltr'>ve.</span> 
     </span>
     <span class='ocr_line' id='line_1_17' title="bbox 114 1258 781 1322; baseline 0.001 -16"><span class='ocrx_word' id='word_1_127' title='bbox 114 1273 140 1306; x_wconf 91' lang='lat' dir='ltr'>ro</span> <span class='ocrx_word' id='word_1_128' title='bbox 150 1258 257 1306; x_wconf 81' lang='lat' dir='ltr'>futurum</span> <span class='ocrx_word' id='word_1_129' title='bbox 265 1268 313 1307; x_wconf 79' lang='lat' dir='ltr'>est:</span> <span class='ocrx_word' id='word_1_130' title='bbox 331 1268 358 1306; x_wconf 86' lang='lat' dir='ltr'>ut</span> <span class='ocrx_word' id='word_1_131' title='bbox 368 1274 397 1307; x_wconf 89' lang='lat' dir='ltr'>ne</span> <span class='ocrx_word' id='word_1_132' title='bbox 407 1259 466 1306; x_wconf 81' lang='lat' dir='ltr'>iilud</span> <span class='ocrx_word' id='word_1_133' title='bbox 474 1259 568 1322; x_wconf 90' lang='lat' dir='ltr'>quidem</span> <span class='ocrx_word' id='word_1_134' title='bbox 577 1259 656 1318; x_wconf 84' lang='lat' dir='ltr'>sciam,</span> <span class='ocrx_word' id='word_1_135' title='bbox 668 1259 736 1321; x_wconf 84' lang='lat' dir='ltr'>quale</span> <span class='ocrx_word' id='word_1_136' title='bbox 744 1259 781 1320; x_wconf 85' lang='lat' dir='ltr'>sit,</span> 
     </span>
     <span class='ocr_line' id='line_1_18' title="bbox 114 1323 784 1386; baseline 0.006 -16"><span class='ocrx_word' id='word_1_137' title='bbox 114 1323 177 1386; x_wconf 87' lang='lat' dir='ltr'>quod</span> <span class='ocrx_word' id='word_1_138' title='bbox 194 1323 340 1383; x_wconf 75' lang='lat' dir='ltr'>DeIotamm,</span> <span class='ocrx_word' id='word_1_139' title='bbox 360 1323 510 1372; x_wconf 74' lang='lat' dir='ltr'>neeessariam</span> <span class='ocrx_word' id='word_1_140' title='bbox 529 1331 641 1380; x_wconf 86' lang='lat' dir='ltr'>nostrum,</span> <span class='ocrx_word' id='word_1_141' title='bbox 657 1339 686 1370; x_wconf 87' lang='lat' dir='ltr'>ex</span> <span class='ocrx_word' id='word_1_142' title='bbox 702 1323 784 1374; x_wconf 81' lang='lat' dir='ltr'>itinere</span> 
     </span>
     <span class='ocr_line' id='line_1_19' title="bbox 114 1387 784 1452; baseline 0.001 -17"><span class='ocrx_word' id='word_1_143' title='bbox 114 1387 193 1450; x_wconf 83' lang='lat' dir='ltr'>aquila</span> <span class='ocrx_word' id='word_1_144' title='bbox 204 1389 331 1437; x_wconf 82' lang='lat' dir='ltr'>revocavit:</span> <span class='ocrx_word' id='word_1_145' title='bbox 348 1388 389 1452; x_wconf 93' lang='lat' dir='ltr'>qui</span> <span class='ocrx_word' id='word_1_146' title='bbox 399 1388 443 1436; x_wconf 82' lang='lat' dir='ltr'>nisi</span> <span class='ocrx_word' id='word_1_147' title='bbox 459 1390 593 1448; x_wconf 77' lang='lat' dir='ltr'>revertisset,</span> <span class='ocrx_word' id='word_1_148' title='bbox 604 1388 630 1436; x_wconf 90' lang='lat' dir='ltr'>in</span> <span class='ocrx_word' id='word_1_149' title='bbox 643 1403 669 1434; x_wconf 91' lang='lat' dir='ltr'>eo</span> <span class='ocrx_word' id='word_1_150' title='bbox 682 1389 784 1436; x_wconf 82' lang='lat' dir='ltr'>conclavi</span> 
     </span>
     <span class='ocr_line' id='line_1_20' title="bbox 114 1452 780 1516; baseline 0.002 -17"><span class='ocrx_word' id='word_1_151' title='bbox 114 1452 136 1498; x_wconf 92' lang='lat' dir='ltr'>ei</span> <span class='ocrx_word' id='word_1_152' title='bbox 152 1453 283 1501; x_wconf 79' lang='lat' dir='ltr'>cubandum</span> <span class='ocrx_word' id='word_1_153' title='bbox 300 1453 387 1510; x_wconf 79' lang='lat' dir='ltr'>suisset,</span> <span class='ocrx_word' id='word_1_154' title='bbox 399 1452 461 1516; x_wconf 89' lang='lat' dir='ltr'>quod</span> <span class='ocrx_word' id='word_1_155' title='bbox 477 1453 584 1515; x_wconf 71' lang='lat' dir='ltr'>proxirnit</span> <span class='ocrx_word' id='word_1_156' title='bbox 600 1459 666 1500; x_wconf 85' lang='lat' dir='ltr'>nocte</span> <span class='ocrx_word' id='word_1_157' title='bbox 684 1452 780 1500; x_wconf 80' lang='lat' dir='ltr'>sonuit:</span> 
     </span>
     <span class='ocr_line' id='line_1_21' title="bbox 113 1515 782 1580; baseline -0.003 -16"><span class='ocrx_word' id='word_1_158' title='bbox 113 1517 182 1564; x_wconf 74' lang='lat' dir='ltr'>ruina</span> <span class='ocrx_word' id='word_1_159' title='bbox 192 1517 263 1579; x_wconf 85' lang='lat' dir='ltr'>igitur</span> <span class='ocrx_word' id='word_1_160' title='bbox 273 1533 392 1580; x_wconf 83' lang='lat' dir='ltr'>oppressus</span> <span class='ocrx_word' id='word_1_161' title='bbox 406 1525 470 1562; x_wconf 79' lang='lat' dir='ltr'>esset</span> <span class='ocrx_word' id='word_1_162' title='bbox 493 1517 529 1563; x_wconf 91' lang='lat' dir='ltr'>At</span> <span class='ocrx_word' id='word_1_163' title='bbox 542 1517 567 1564; x_wconf 86' lang='lat' dir='ltr'>id</span> <span class='ocrx_word' id='word_1_164' title='bbox 581 1530 664 1578; x_wconf 86' lang='lat' dir='ltr'>neque,</span> <span class='ocrx_word' id='word_1_165' title='bbox 675 1515 695 1562; x_wconf 91' lang='lat' dir='ltr'>si</span> <span class='ocrx_word' id='word_1_166' title='bbox 707 1515 782 1563; x_wconf 83' lang='lat' dir='ltr'>satum</span> 
     </span>
     <span class='ocr_line' id='line_1_22' title="bbox 113 1578 781 1642; baseline 0 -16"><span class='ocrx_word' id='word_1_167' title='bbox 113 1578 197 1638; x_wconf 71' lang='lat' dir='ltr'>suerat,</span> <span class='ocrx_word' id='word_1_168' title='bbox 209 1581 339 1642; x_wconf 59' lang='lat' dir='ltr'>effugissem</span> <span class='ocrx_word' id='word_1_169' title='bbox 357 1594 406 1636; x_wconf 84' lang='lat' dir='ltr'>neo,</span> <span class='ocrx_word' id='word_1_170' title='bbox 418 1579 438 1626; x_wconf 89' lang='lat' dir='ltr'>si</span> <span class='ocrx_word' id='word_1_171' title='bbox 449 1594 494 1627; x_wconf 89' lang='lat' dir='ltr'>non</span> <span class='ocrx_word' id='word_1_172' title='bbox 509 1579 591 1638; x_wconf 76' lang='lat' dir='ltr'>firerat,</span> <span class='ocrx_word' id='word_1_173' title='bbox 602 1579 627 1626; x_wconf 88' lang='lat' dir='ltr'>in</span> <span class='ocrx_word' id='word_1_174' title='bbox 638 1593 692 1626; x_wconf 88' lang='lat' dir='ltr'>eum</span> <span class='ocrx_word' id='word_1_175' title='bbox 702 1594 781 1626; x_wconf 84' lang='lat' dir='ltr'>casum</span> 
     </span>
     <span class='ocr_line' id='line_1_23' title="bbox 114 1641 781 1705; baseline 0.003 -17"><span class='ocrx_word' id='word_1_176' title='bbox 114 1641 236 1690; x_wconf 79' lang='lat' dir='ltr'>incidisset.</span> <span class='ocrx_word' id='word_1_177' title='bbox 264 1643 330 1702; x_wconf 88' lang='lat' dir='ltr'>Quid</span> <span class='ocrx_word' id='word_1_178' title='bbox 345 1658 399 1705; x_wconf 77' lang='lat' dir='ltr'>ergo</span> <span class='ocrx_word' id='word_1_179' title='bbox 415 1641 509 1702; x_wconf 81' lang='lat' dir='ltr'>adjuvat</span> <span class='ocrx_word' id='word_1_180' title='bbox 524 1641 654 1690; x_wconf 79' lang='lat' dir='ltr'>dIvinatio?</span> <span class='ocrx_word' id='word_1_181' title='bbox 671 1650 711 1688; x_wconf 84' lang='lat' dir='ltr'>aut</span> <span class='ocrx_word' id='word_1_182' title='bbox 724 1641 781 1704; x_wconf 89' lang='lat' dir='ltr'>quid</span> 
     </span>
     <span class='ocr_line' id='line_1_24' title="bbox 113 1706 783 1768; baseline 0.001 -16"><span class='ocrx_word' id='word_1_183' title='bbox 113 1714 155 1764; x_wconf 78' lang='lat' dir='ltr'>est,</span> <span class='ocrx_word' id='word_1_184' title='bbox 168 1706 230 1768; x_wconf 89' lang='lat' dir='ltr'>quod</span> <span class='ocrx_word' id='word_1_185' title='bbox 244 1721 282 1752; x_wconf 87' lang='lat' dir='ltr'>me</span> <span class='ocrx_word' id='word_1_186' title='bbox 298 1713 405 1752; x_wconf 87' lang='lat' dir='ltr'>moveant</span> <span class='ocrx_word' id='word_1_187' title='bbox 418 1713 459 1752; x_wconf 88' lang='lat' dir='ltr'>aut</span> <span class='ocrx_word' id='word_1_188' title='bbox 470 1715 547 1766; x_wconf 83' lang='lat' dir='ltr'>sortes,</span> <span class='ocrx_word' id='word_1_189' title='bbox 559 1714 599 1752; x_wconf 88' lang='lat' dir='ltr'>aut</span> <span class='ocrx_word' id='word_1_190' title='bbox 609 1715 670 1765; x_wconf 80' lang='lat' dir='ltr'>exta,</span> <span class='ocrx_word' id='word_1_191' title='bbox 682 1713 723 1752; x_wconf 87' lang='lat' dir='ltr'>aut</span> <span class='ocrx_word' id='word_1_192' title='bbox 734 1707 783 1754; x_wconf 85' lang='lat' dir='ltr'>ulla</span> 
     </span>
     <span class='ocr_line' id='line_1_25' title="bbox 113 1761 783 1832; baseline 0 -16"><span class='ocrx_word' id='word_1_193' title='bbox 113 1769 230 1832; x_wconf 76' lang='lat' dir='ltr'>praedictIo</span> <span class='ocrx_word' id='word_1_194' title='bbox 239 1761 294 1818; x_wconf 76' lang='lat' dir='ltr'>t&#39;si</span> <span class='ocrx_word' id='word_1_195' title='bbox 307 1768 369 1816; x_wconf 89' lang='lat' dir='ltr'>enim</span> <span class='ocrx_word' id='word_1_196' title='bbox 381 1769 456 1816; x_wconf 83' lang='lat' dir='ltr'>fatum</span> <span class='ocrx_word' id='word_1_197' title='bbox 470 1769 524 1828; x_wconf 84' lang='lat' dir='ltr'>fuit,</span> <span class='ocrx_word' id='word_1_198' title='bbox 541 1770 621 1818; x_wconf 81' lang='lat' dir='ltr'>classes</span> <span class='ocrx_word' id='word_1_199' title='bbox 638 1769 719 1832; x_wconf 86' lang='lat' dir='ltr'>populi</span> <span class='ocrx_word' id='word_1_200' title='bbox 732 1769 783 1816; x_wconf 87' lang='lat' dir='ltr'>Ro-</span> 
     </span>
     <span class='ocr_line' id='line_1_26' title="bbox 113 1833 783 1896; baseline 0.003 -16"><span class='ocrx_word' id='word_1_201' title='bbox 113 1833 178 1880; x_wconf 86' lang='lat' dir='ltr'>mani</span> <span class='ocrx_word' id='word_1_202' title='bbox 194 1833 254 1882; x_wconf 77' lang='lat' dir='ltr'>ballo</span> <span class='ocrx_word' id='word_1_203' title='bbox 272 1833 360 1881; x_wconf 83' lang='lat' dir='ltr'>Punico</span> <span class='ocrx_word' id='word_1_204' title='bbox 376 1833 461 1896; x_wconf 88' lang='lat' dir='ltr'>primo,</span> <span class='ocrx_word' id='word_1_205' title='bbox 473 1833 568 1882; x_wconf 83' lang='lat' dir='ltr'>alteram</span> <span class='ocrx_word' id='word_1_206' title='bbox 585 1833 714 1896; x_wconf 81' lang='lat' dir='ltr'>naufragio,</span> <span class='ocrx_word' id='word_1_207' title='bbox 725 1834 783 1882; x_wconf 81' lang='lat' dir='ltr'>alte·</span> 
     </span>
     <span class='ocr_line' id='line_1_27' title="bbox 114 1897 782 1962; baseline 0.003 -18"><span class='ocrx_word' id='word_1_208' title='bbox 114 1913 164 1944; x_wconf 83' lang='lat' dir='ltr'>ram</span> <span class='ocrx_word' id='word_1_209' title='bbox 173 1913 188 1944; x_wconf 86' lang='lat' dir='ltr'>a</span> <span class='ocrx_word' id='word_1_210' title='bbox 198 1897 274 1946; x_wconf 88' lang='lat' dir='ltr'>Poenis</span> <span class='ocrx_word' id='word_1_211' title='bbox 285 1897 422 1960; x_wconf 80' lang='lat' dir='ltr'>depressam,</span> <span class='ocrx_word' id='word_1_212' title='bbox 433 1898 540 1956; x_wconf 66' lang='lat' dir='ltr'>Interim</span> <span class='ocrx_word' id='word_1_213' title='bbox 552 1898 621 1946; x_wconf 60' lang='lat' dir='ltr'>aiam</span> <span class='ocrx_word' id='word_1_214' title='bbox 629 1899 648 1946; x_wconf 86' lang='lat' dir='ltr'>si</span> <span class='ocrx_word' id='word_1_215' title='bbox 655 1897 782 1962; x_wconf 81' lang='lat' dir='ltr'>tripudium</span> 
     </span>
     <span class='ocr_line' id='line_1_28' title="bbox 114 1960 785 2026; baseline 0.006 -18"><span class='ocrx_word' id='word_1_216' title='bbox 114 1961 251 2010; x_wconf 86' lang='lat' dir='ltr'>solistimum</span> <span class='ocrx_word' id='word_1_217' title='bbox 267 1963 326 2026; x_wconf 89' lang='lat' dir='ltr'>puIIi</span> <span class='ocrx_word' id='word_1_218' title='bbox 344 1961 456 2021; x_wconf 84' lang='lat' dir='ltr'>fecissent,</span> <span class='ocrx_word' id='word_1_219' title='bbox 476 1962 506 2010; x_wconf 81' lang='lat' dir='ltr'>L.</span> <span class='ocrx_word' id='word_1_220' title='bbox 523 1963 598 2011; x_wconf 85' lang='lat' dir='ltr'>Iunio</span> <span class='ocrx_word' id='word_1_221' title='bbox 617 1971 640 2010; x_wconf 88' lang='lat' dir='ltr'>et</span> <span class='ocrx_word' id='word_1_222' title='bbox 656 1962 684 2009; x_wconf 86' lang='grc' dir='ltr'>Ρ.</span> <span class='ocrx_word' id='word_1_223' title='bbox 702 1960 785 2012; x_wconf 81' lang='lat' dir='ltr'>clodio</span> 
     </span>
     <span class='ocr_line' id='line_1_29' title="bbox 114 2026 784 2086; baseline 0.004 -14"><span class='ocrx_word' id='word_1_224' title='bbox 114 2026 246 2075; x_wconf 84' lang='lat' dir='ltr'>consulibus</span> <span class='ocrx_word' id='word_1_225' title='bbox 261 2027 341 2074; x_wconf 80' lang='lat' dir='ltr'>dasses</span> <span class='ocrx_word' id='word_1_226' title='bbox 358 2035 435 2074; x_wconf 83' lang='lat' dir='ltr'>tamen</span> <span class='ocrx_word' id='word_1_227' title='bbox 448 2026 585 2076; x_wconf 77' lang='lat' dir='ltr'>interissent.</span> <span class='ocrx_word' id='word_1_228' title='bbox 609 2027 659 2086; x_wconf 86' lang='lat' dir='ltr'>Sin,</span> <span class='ocrx_word' id='word_1_229' title='bbox 675 2043 729 2075; x_wconf 89' lang='lat' dir='ltr'>eum</span> <span class='ocrx_word' id='word_1_230' title='bbox 741 2043 784 2075; x_wconf 85' lang='lat' dir='ltr'>eu-</span> 
     </span>
     <span class='ocr_line' id='line_1_30' title="bbox 114 2089 783 2154; baseline 0.003 -17"><span class='ocrx_word' id='word_1_231' title='bbox 114 2089 191 2152; x_wconf 82' lang='lat' dir='ltr'>spiciis</span> <span class='ocrx_word' id='word_1_232' title='bbox 207 2093 389 2154; x_wconf 81' lang='lat' dir='ltr'>obtemperatum</span> <span class='ocrx_word' id='word_1_233' title='bbox 407 2100 473 2149; x_wconf 86' lang='lat' dir='ltr'>esset,</span> <span class='ocrx_word' id='word_1_234' title='bbox 491 2093 616 2140; x_wconf 76' lang='lat' dir='ltr'>interiturae</span> <span class='ocrx_word' id='word_1_235' title='bbox 637 2093 718 2140; x_wconf 82' lang='lat' dir='ltr'>classes</span> <span class='ocrx_word' id='word_1_236' title='bbox 736 2107 783 2140; x_wconf 86' lang='lat' dir='ltr'>nou</span> 
     </span>
     <span class='ocr_line' id='line_1_31' title="bbox 112 2152 785 2214; baseline 0.006 -14"><span class='ocrx_word' id='word_1_237' title='bbox 112 2152 217 2214; x_wconf 86' lang='lat' dir='ltr'>fuerunt,</span> <span class='ocrx_word' id='word_1_238' title='bbox 235 2170 281 2204; x_wconf 89' lang='lat' dir='ltr'>non</span> <span class='ocrx_word' id='word_1_239' title='bbox 298 2155 432 2203; x_wconf 88' lang='lat' dir='ltr'>interierunt</span> <span class='ocrx_word' id='word_1_240' title='bbox 442 2156 497 2204; x_wconf 83' lang='lat' dir='ltr'>fato.</span> <span class='ocrx_word' id='word_1_241' title='bbox 514 2156 594 2205; x_wconf 87' lang='lat' dir='ltr'>Vultis</span> <span class='ocrx_word' id='word_1_242' title='bbox 610 2165 689 2205; x_wconf 85' lang='lat' dir='ltr'>autem</span> <span class='ocrx_word' id='word_1_243' title='bbox 705 2157 785 2204; x_wconf 85' lang='lat' dir='ltr'>omnia</span> 
     </span>
     <span class='ocr_line' id='line_1_32' title="bbox 115 2217 512 2282; baseline 0.008 -17"><span class='ocrx_word' id='word_1_244' title='bbox 115 2217 178 2267; x_wconf 80' lang='lat' dir='ltr'>fsto:</span> <span class='ocrx_word' id='word_1_245' title='bbox 197 2220 262 2268; x_wconf 87' lang='lat' dir='ltr'>nulla</span> <span class='ocrx_word' id='word_1_246' title='bbox 271 2220 342 2282; x_wconf 80' lang='lat' dir='ltr'>igitur</span> <span class='ocrx_word' id='word_1_247' title='bbox 352 2228 386 2268; x_wconf 83' lang='lat' dir='ltr'>est</span> <span class='ocrx_word' id='word_1_248' title='bbox 395 2220 512 2268; x_wconf 74' lang='lat' dir='ltr'>divumtio.</span> 
     </span>
    </p>

    <p class='ocr_par' dir='ltr' id='par_1_4' title="bbox 115 2282 792 2735">
     <span class='ocr_line' id='line_1_33' title="bbox 148 2282 785 2343; baseline 0.003 -13"><span class='ocrx_word' id='word_1_249' title='bbox 148 2282 220 2343; x_wconf 85' lang='lat' dir='ltr'>Quod</span> <span class='ocrx_word' id='word_1_250' title='bbox 230 2285 250 2331; x_wconf 88' lang='lat' dir='ltr'>si</span> <span class='ocrx_word' id='word_1_251' title='bbox 259 2284 335 2332; x_wconf 83' lang='lat' dir='ltr'>fatum</span> <span class='ocrx_word' id='word_1_252' title='bbox 345 2283 398 2342; x_wconf 83' lang='lat' dir='ltr'>fuit,</span> <span class='ocrx_word' id='word_1_253' title='bbox 409 2285 471 2332; x_wconf 86' lang='lat' dir='ltr'>bello</span> <span class='ocrx_word' id='word_1_254' title='bbox 484 2284 572 2332; x_wconf 83' lang='lat' dir='ltr'>Punico</span> <span class='ocrx_word' id='word_1_255' title='bbox 587 2283 685 2332; x_wconf 87' lang='lat' dir='ltr'>seeundo</span> <span class='ocrx_word' id='word_1_256' title='bbox 698 2284 785 2332; x_wconf 76' lang='lat' dir='ltr'>exord·</span> 
     </span>
     <span class='ocr_line' id='line_1_34' title="bbox 116 2348 783 2412; baseline 0.003 -18"><span class='ocrx_word' id='word_1_257' title='bbox 116 2354 168 2395; x_wconf 83' lang='lat' dir='ltr'>tum</span> <span class='ocrx_word' id='word_1_258' title='bbox 178 2349 260 2412; x_wconf 88' lang='lat' dir='ltr'>populi</span> <span class='ocrx_word' id='word_1_259' title='bbox 270 2349 372 2398; x_wconf 86' lang='lat' dir='ltr'>Romani</span> <span class='ocrx_word' id='word_1_260' title='bbox 380 2348 410 2396; x_wconf 83' lang='lat' dir='ltr'>ad</span> <span class='ocrx_word' id='word_1_261' title='bbox 420 2349 496 2396; x_wconf 87' lang='lat' dir='ltr'>laeum</span> <span class='ocrx_word' id='word_1_262' title='bbox 507 2349 671 2397; x_wconf 78' lang='lat' dir='ltr'>Trasimenum</span> <span class='ocrx_word' id='word_1_263' title='bbox 676 2348 783 2404; x_wconf 66' lang='lat' dir='ltr'>interiret</span> 
     </span>
     <span class='ocr_line' id='line_1_35' title="bbox 116 2412 783 2476; baseline 0.003 -17"><span class='ocrx_word' id='word_1_264' title='bbox 116 2412 210 2460; x_wconf 86' lang='lat' dir='ltr'>numid</span> <span class='ocrx_word' id='word_1_265' title='bbox 220 2413 286 2461; x_wconf 86' lang='lat' dir='ltr'>vitari</span> <span class='ocrx_word' id='word_1_266' title='bbox 296 2413 380 2476; x_wconf 82' lang='lat' dir='ltr'>potuit,</span> <span class='ocrx_word' id='word_1_267' title='bbox 391 2413 411 2460; x_wconf 88' lang='lat' dir='ltr'>si</span> <span class='ocrx_word' id='word_1_268' title='bbox 424 2413 553 2460; x_wconf 82' lang='lat' dir='ltr'>Flaminius</span> <span class='ocrx_word' id='word_1_269' title='bbox 568 2413 647 2461; x_wconf 85' lang='lat' dir='ltr'>consul</span> <span class='ocrx_word' id='word_1_270' title='bbox 661 2412 689 2460; x_wconf 81' lang='lat' dir='ltr'>iis</span> <span class='ocrx_word' id='word_1_271' title='bbox 704 2413 783 2475; x_wconf 78' lang='lat' dir='ltr'>signis,</span> 
     </span>
     <span class='ocr_line' id='line_1_36' title="bbox 115 2476 786 2541; baseline 0.003 -17"><span class='ocrx_word' id='word_1_272' title='bbox 115 2476 190 2540; x_wconf 82' lang='lat' dir='ltr'>iisque</span> <span class='ocrx_word' id='word_1_273' title='bbox 197 2477 311 2540; x_wconf 86' lang='lat' dir='ltr'>auspiciis,</span> <span class='ocrx_word' id='word_1_274' title='bbox 319 2478 403 2541; x_wconf 88' lang='lat' dir='ltr'>quibus</span> <span class='ocrx_word' id='word_1_275' title='bbox 408 2493 512 2541; x_wconf 82' lang='lat' dir='ltr'>pugnare</span> <span class='ocrx_word' id='word_1_276' title='bbox 517 2477 688 2541; x_wconf 84' lang='lat' dir='ltr'>prohibebatur,</span> <span class='ocrx_word' id='word_1_277' title='bbox 696 2477 786 2541; x_wconf 85' lang='lat' dir='ltr'>peruis-</span> 
     </span>
     <span class='ocr_line' id='line_1_37' title="bbox 117 2540 785 2606; baseline 0 -16"><span class='ocrx_word' id='word_1_278' title='bbox 117 2542 169 2590; x_wconf 78' lang='lat' dir='ltr'>set?</span> <span class='ocrx_word' id='word_1_279' title='bbox 188 2540 267 2603; x_wconf 84' lang='lat' dir='ltr'>[Certe</span> <span class='ocrx_word' id='word_1_280' title='bbox 278 2543 373 2606; x_wconf 85' lang='lat' dir='ltr'>potuit]</span> <span class='ocrx_word' id='word_1_281' title='bbox 390 2542 443 2590; x_wconf 81' lang='lat' dir='ltr'>Aut</span> <span class='ocrx_word' id='word_1_282' title='bbox 453 2543 523 2606; x_wconf 85' lang='lat' dir='ltr'>igitur</span> <span class='ocrx_word' id='word_1_283' title='bbox 533 2557 580 2591; x_wconf 88' lang='lat' dir='ltr'>non</span> <span class='ocrx_word' id='word_1_284' title='bbox 591 2543 639 2592; x_wconf 78' lang='lat' dir='ltr'>fato</span> <span class='ocrx_word' id='word_1_285' title='bbox 648 2542 734 2590; x_wconf 86' lang='lat' dir='ltr'>interiit</span> <span class='ocrx_word' id='word_1_286' title='bbox 744 2558 785 2590; x_wconf 84' lang='lat' dir='ltr'>ex-</span> 
     </span>
     <span class='ocr_line' id='line_1_38' title="bbox 117 2607 792 2672; baseline 0 -18"><span class='ocrx_word' id='word_1_287' title='bbox 117 2607 200 2655; x_wconf 84' lang='lat' dir='ltr'>ercitus</span> <span class='ocrx_word' id='word_1_288' title='bbox 215 2607 310 2661; x_wconf 88' lang='lat' dir='ltr'>(mutari</span> <span class='ocrx_word' id='word_1_289' title='bbox 321 2607 382 2656; x_wconf 87' lang='lat' dir='ltr'>enim</span> <span class='ocrx_word' id='word_1_290' title='bbox 397 2607 502 2656; x_wconf 78' lang='lat' dir='ltr'>satanan</span> <span class='ocrx_word' id='word_1_291' title='bbox 518 2617 633 2672; x_wconf 81' lang='lat' dir='ltr'>possunt),</span> <span class='ocrx_word' id='word_1_292' title='bbox 642 2616 693 2667; x_wconf 82' lang='lat' dir='ltr'>aut,</span> <span class='ocrx_word' id='word_1_293' title='bbox 705 2607 724 2655; x_wconf 83' lang='lat' dir='ltr'>ei</span> <span class='ocrx_word' id='word_1_294' title='bbox 737 2607 792 2654; x_wconf 37' lang='lat' dir='ltr'>fato,</span> 
     </span>
     <span class='ocr_line' id='line_1_39' title="bbox 118 2671 790 2735; baseline -0.001 -12"><span class='ocrx_word' id='word_1_295' title='bbox 118 2672 259 2735; x_wconf 84' lang='lat' dir='ltr'>(quodserte</span> <span class='ocrx_word' id='word_1_296' title='bbox 272 2672 336 2722; x_wconf 81' lang='lat' dir='ltr'>vobis</span> <span class='ocrx_word' id='word_1_297' title='bbox 346 2672 379 2722; x_wconf 87' lang='lat' dir='ltr'>ita</span> <span class='ocrx_word' id='word_1_298' title='bbox 389 2671 513 2724; x_wconf 77' lang='lat' dir='ltr'>dicendum</span> <span class='ocrx_word' id='word_1_299' title='bbox 524 2673 659 2734; x_wconf 82' lang='lat' dir='ltr'>eet)„etiam</span> <span class='ocrx_word' id='word_1_300' title='bbox 669 2672 689 2730; x_wconf 63' lang='lat' dir='ltr'>,st</span> <span class='ocrx_word' id='word_1_301' title='bbox 699 2674 790 2732; x_wconf 82' lang='lat' dir='ltr'>obtem·</span> 
     </span>
    </p>
   </div>
   <div class='ocr_carea' id='block_1_3' title="bbox 0 0 939 2946">
    <p class='ocr_par' dir='ltr' id='par_1_5' title="bbox 0 0 939 2946">
     <span class='ocr_line' id='line_1_40' title="bbox 0 0 939 2946; baseline 0 0"><span class='ocrx_word' id='word_1_302' title='bbox 0 0 939 2946; x_wconf 95' lang='lat' dir='ltr'> </span> 
     </span>
    </p>
   </div>
  </div>
 </body>
</html>
