1858 2946
97 123 129 179 rr
162 121 209 172 nn
220 121 471 185 summoue,
483 121 543 172 nu.
551 121 586 172 11.
599 120 722 174 curtat.-

96 260 157 312 tum,
167 252 248 302 multis
263 251 416 310 audientibus,
432 252 473 316 qui
487 253 565 300 omnia
580 253 629 314 ejus
640 253 709 300 verba
723 266 776 300 exv

96 317 205 380 ceperint,
213 315 332 380 'literisque
342 317 512 366 mandaverint:
525 331 618 365 omnem
626 325 704 364 autem
712 332 763 364 ora-

95 380 182 429 tionem
193 381 263 430 fuisse
273 397 332 439 eam,
344 381 392 444 quis
401 380 551 444 haruspicinae
561 381 681 444 disciplina
691 381 763 428 conti-

96 455 203 494 nereturr
221 461 272 494 eam
282 455 360 508 postea
371 445 464 493 crevisse
474 448 542 493 rebus
552 445 616 494 novis
627 459 763 508 cognoscen-

96 509 141 568 dis,
153 510 216 557 etad
227 509 305 557 eadem
317 510 357 556 illa
367 509 478 573 principia
488 509 616 558 referendis.
634 509 693 556 Haec
701 525 763 558 acoe-

94 573 175 686 ppnus
182 577 211 622 ab
220 573 286 637 ipsis:
300 573 349 621 haec
357 574 440 637 scripta
448 583 592 622 conservante
606 573 668 621 hunc
676 569 764 621 iontem
788 597 791 602 ·

127 640 183 686 bent
192 637 324 702 disciplinae.
341 639 409 686 Num
420 655 473 701 ergo
484 654 541 702 opus
553 647 594 697 est,
603 638 633 685 ed
640 638 690 685 haec
697 637 764 686 refel-

96 701 174 762 lenda,
189 703 323 751 Carneade?
342 718 399 751 num
414 701 533 766 Epicuro?
554 701 627 750 Estne
641 703 764 765 quisquam

95 765 130 814 ita
137 767 256 830 desipiens,
266 767 307 831 qui
316 763 391 814 credat
399 776 518 814 exaratum
527 783 582 824 esse,
592 767 671 814 Deum
679 765 764 825 dicum,

96 845 127 878 an
144 831 281 879 hominem?
304 831 412 888 siDeus,
429 846 470 877 cur
486 846 509 878 se
525 839 603 878 contra
618 838 725 878 naturam
739 830 764 878 in

95 902 181 942 terram
195 895 315 952 abdiderit,
329 904 356 942 ut
370 893 495 958 patefactus
509 903 584 942 aratro
597 895 673 942 lucem
688 895 764 958 adspi-

96 957 175 1006 cer'et?
192 958 278 1017 Quid?
294 959 355 1005 idem
366 973 442 1007 nonne
456 967 544 1023 poterat
556 959 622 1006 Deus
632 959 778 1024 hominibus¹¹

96 1022 240 1086 disciplinam
251 1023 365 1086 superiore
376 1023 448 1070 eloco
456 1023 559 1070 tradere?
576 1022 602 1071 Si
609 1033 687 1070 autem
695 1023 766 1072 homo

44 1135 47 1142 f
96 1083 136 1134 ille
147 1086 223 1150 Tages
233 1086 286 1146 fuit,
298 1102 399 1150 quonam
409 1087 478 1134 modo
490 1086 565 1150 potuit
576 1086 636 1135 terri
645 1102 765 1151 oppressus
776 1131 779 1136 .

96 1149 190 1198 vivere?
210 1151 272 1198 unde
288 1167 355 1214 porro
371 1151 411 1198 illa
426 1152 510 1214 potuit,
523 1167 576 1215 quae
591 1150 686 1200 docebat
700 1152 779 1212 alios„

96 1213 146 1278 ipse
164 1215 286 1264 didicisse?
311 1215 357 1264 Sed
374 1231 416 1278 ego
432 1214 572 1279 insipientior
586 1229 658 1280 quam
672 1217 707 1264 illi
721 1217 779 1279 ipsi,

97 1278 139 1342 qui
149 1279 193 1328 ista
202 1280 306 1341 credunt,
318 1280 463 1344 quiquidem
474 1289 552 1329 contra
563 1296 600 1330 eos
612 1291 659 1328 tam
670 1279 711 1328 diu
719 1281 765 1330 dis-

97 1353 186 1407 putem.

130 1408 228 1460 XXIV.
244 1411 318 1460 Vetus
328 1419 404 1459 autem
415 1410 474 1458 illud
485 1410 578 1459 Catonis
589 1408 715 1458 admodum
723 1409 766 1458 sci-

98 1482 150 1521 tum
161 1485 203 1536 est,
215 1475 257 1539 qui
267 1476 346 1522 mirari
358 1492 381 1523 se
395 1475 478 1533 aiebat,
490 1475 552 1537 quod
566 1490 613 1522 non
627 1473 710 1522 rideret
724 1472 766 1522 ha·

98 1554 193 1602 ruspex,
203 1539 347 1602 haruspicem
358 1554 411 1586 curu
423 1539 520 1585 vidisset.
541 1538 620 1596 Quota
630 1537 692 1584 enim
703 1554 767 1600 quae-

99 1617 190 1664 queres
201 1603 276 1650 evenit
286 1603 394 1664 praedicta
403 1604 432 1649 ab
443 1601 510 1650 istis?
525 1611 574 1660 aut,
586 1597 605 1648 si
616 1600 690 1648 evenit
698 1601 765 1663 quid·

97 1664 170 1728 piam,
182 1663 238 1728 quid
248 1665 323 1712 afferri
334 1675 415 1728 potest,
427 1681 468 1712 cur
482 1679 527 1712 non
544 1681 597 1712 cusu
612 1664 636 1710 id
647 1664 765 1712 evenerit?

98 1729 153 1776 Rex
162 1727 263 1787 Prusias,
270 1744 324 1775 cum
332 1728 459 1776 Hannibali
467 1727 529 1791 apud
538 1743 591 1775 eum
602 1727 715 1776 exsulanti
726 1727 765 1774 de-

97 1792 313 1903 smum
320 1791 702 1919 resarcimus
722 1807 766 1904 s

347 1891 354 1916 Ὶ

98 1919 180 1978 mavis,
198 1935 269 1983 quam
288 1920 418 1984 imperatori
435 1921 512 1978 veteri,
531 1919 620 1968 medae
629 1921 657 1970 ?''
680 1919 765 1979 Quid?

97 1983 146 2046 ipse
157 1983 241 2044 Caesar,
253 1999 307 2032 curu
320 2001 334 2032 a
348 2001 439 2033 summo
453 1981 572 2049 haruspice
586 1995 725 2044 monerem,
736 2001 766 2034 ne

96 2047 122 2094 in
132 2045 238 2096 Africam
248 2058 301 2097 ante
312 2052 420 2098 brumam
431 2051 600 2108 transmitteret,
609 2064 685 2098 nonne
693 2059 766 2098 hans-

97 2111 180 2161 misit?
197 2113 270 2172 Quod
279 2114 303 2160 ni
313 2115 409 2175 fecisset,
420 2130 467 2163 uno
478 2114 502 2161 in
513 2115 563 2162 loco
574 2130 653 2162 omnes
663 2113 767 2163 adversa-

97 2176 184 2226 riorum
203 2177 273 2242 copie
292 2176 453 2228 convenissent.
479 2177 545 2237 Quid
561 2195 603 2242 ego
618 2177 767 2242 haruspicum

97 2255 205 2305 responsa
220 2259 405 2303 commemorem,
421 2248 524 2306 (possum
538 2243 645 2306 equidem
660 2243 767 2291 innume-

98 2307 190 2366 rabilia)
202 2323 254 2370 quae
265 2317 305 2356 aut
315 2308 391 2356 nullos
401 2307 523 2356 habuerint
534 2307 617 2364 exitiis,
626 2316 668 2355 aut
678 2316 767 2355 conua-

98 2371 163 2420 rios?
181 2372 234 2420 Hoc
245 2371 306 2420 civili
315 2374 384 2431 bello,
397 2372 438 2419 Dii
446 2371 598 2419 immortales!
613 2386 685 2436 quam
693 2372 768 2419 multa

99 2435 220 2485 luserunt!
245 2453 298 2500 quae
313 2437 379 2486 nobis
396 2437 420 2484 iu
437 2435 551 2484 drauum
567 2437 645 2485 Roma
661 2451 768 2499 responsa

99 2500 248 2566 haruspicum
264 2503 333 2550 missa
347 2503 419 2550 sunt?
440 2517 492 2565 quae
507 2501 568 2549 dicta
582 2500 713 2565 Pompeio?
735 2509 769 2548 et·

99 2567 163 2615 enim
171 2567 210 2615 ille
218 2566 343 2616 admodum
352 2566 410 2616 extis
417 2576 441 2615 et
450 2566 544 2614 ostentis
554 2568 696 2614 movebatur.
713 2566 768 2613 Non
779 2615 782 2622 ,

98 2629 165 2682 lubet
176 2647 361 2694 commemorare,
372 2647 414 2698 uec
427 2647 480 2682 vero
494 2646 583 2681 necesse
598 2641 640 2695 est,
652 2631 695 2698 tibi
709 2647 768 2695 prae·
