1864 2958
301 145 350 196 DE
365 147 542 210 AMICITIA,
552 147 618 198 Gur.
630 149 654 197 6.
750 147 808 222 ²2³7?

138 277 288 326 interomnee
298 265 585 340 essetsooietusqundotnr
597 277 676 339 ¹tuujon
683 285 807 335 autemut

139 341 237 406 quisque
257 335 362 416 proqime
379 339 508 415 aoeederqtt
530 341 610 416 itaque
630 341 689 390 oives
707 343 806 404 potiores

138 417 210 468 quam
228 419 356 468 peregrim
380 413 403 453 et
415 419 547 468 propmqut,
560 420 632 468 quam
649 405 733 453 ulienir
750 419 805 454 eum

138 464 244 517 hisenitn
254 468 378 516 amicitiam
390 478 472 516 natura
481 469 531 532 ipsa
611 469 635 516 ‘t
663 469 710 518 Sed
720 485 747 517 ee
757 483 804 519 non

139 534 193 581 satis
203 533 273 582 habet
283 533 411 580 firmitatise
429 547 530 596 natuque
556 549 582 580 oe
597 541 690 596 prestat
704 534 805 582 amicitia

138 595 312 662 propinquitati,
332 596 394 661 quod
411 611 440 644 ex
461 597 630 661 propinquitate
648 598 807 646 benevolentis

138 661 188 710 tolli
204 668 286 724 potest,
305 676 334 710 ex
351 660 452 710 amicitie
464 675 510 708 non
528 669 617 724 potest:
635 660 726 708 sublati
742 661 805 709 enim

137 723 303 784 benevolentiis,
314 725 420 774 amicitiae
429 739 513 773 nomen
521 725 617 783 tollitur,
628 721 807 789 propinquitatis

133 797 223 837 'menet
240 789 336 847 Quanto
346 797 423 841 eutem
434 789 468 837 vis
477 788 583 837 amicitior
596 789 633 848 sit,
645 804 673 836 ex
684 788 728 836 hoc
737 789 806 837 intel·

135 853 178 916 ligi
191 853 293 902 maxime
302 861 385 916 potest,
396 852 466 916 quod,
482 869 511 901 ex
521 853 612 901 infiniti
622 852 727 901 societate
733 868 803 916 gene·

138 917 170 965 rio
179 917 285 976 humaui,
292 933 363 981 quem
374 917 500 965 oontiliovit
507 918 653 980 ipsaneturo,
661 916 695 964 ita
702 926 804 966 oontrec-

138 989 163 1029 tu
173 996 208 1028 res
219 990 260 1039 est,
272 989 295 1029 et
305 981 403 1029 adducta
417 982 442 1028 in
453 990 586 1044 augustum,
599 990 627 1029 ut
636 980 712 1029 omnis
722 982 804 1032 enites

136 1053 178 1094 eut
187 1045 246 1093 inter
256 1045 322 1103 duos,
333 1045 374 1093 eut
381 1045 439 1094 iuter
449 1059 541 1108 paucos,
551 1047 693 1108 jungeretur.

167 1109 214 1157 VI.
230 1108 274 1156 Est
282 1118 360 1156 autem
370 1109 470 1157 amicitie
480 1109 539 1156 nihil
553 1109 625 1168 aliud,
637 1108 687 1168 nisi,
695 1109 802 1158 omnium

133 1172 264 1222 dIvinurtun
274 1173 474 1236 humanarumque
482 1188 567 1231 rerum,
579 1187 633 1220 cum
643 1175 802 1223 benevolentia

133 1245 156 1286 et
164 1238 264 1296 nonime,
275 1245 367 1285 summa
374 1237 505 1284 consensio:
522 1233 669 1300 quiquidem
676 1237 740 1284 haud
746 1238 801 1297 otio,

134 1316 174 1358 un,
186 1301 281 1365 excepti
291 1300 409 1364 sepientii,
421 1300 477 1363 quid
493 1315 548 1348 uam
556 1301 639 1348 melius
648 1301 738 1348 homini
748 1302 777 1348 eit
787 1315 802 1350 o

133 1365 186 1413 Diis
195 1365 364 1413 immortalibus
374 1363 462 1412 dutum.
516 1363 589 1411 ’vities
604 1364 643 1412 alii
653 1374 799 1428 proponunt,

134 1431 219 1478 bonam
230 1425 270 1476 ulii
280 1427 443 1488 valetudinem,
452 1427 493 1476 alii
502 1428 638 1490 potentiam,
646 1427 687 1474 ulii
694 1427 800 1488 honores,

134 1493 204 1542 multi
214 1489 284 1542 etism
294 1493 428 1555 voluptates
456 1491 593 1542 Belluerum
603 1491 647 1539 hoc
655 1491 749 1555 quidem
760 1507 801 1540 ex-

134 1565 234 1606 tremum
245 1567 293 1606 est:
310 1557 351 1604 illu
361 1565 438 1604 autem
449 1555 572 1620 superiore,
584 1555 669 1604 caduoe
677 1556 799 1616 etinserte,

133 1619 208 1686 posita
217 1636 264 1670 non
275 1629 323 1670 tum
333 1621 358 1668 in
372 1621 456 1668 nostris
466 1619 573 1678 wnaflfis,
584 1635 656 1683 quom
666 1619 691 1668 in
701 1621 801 1668 fortunae

132 1681 265 1734 temeritate
290 1686 340 1745 Qui
356 1694 434 1733 eutem
448 1684 473 1732 in
488 1684 572 1733 virtute
582 1697 701 1732 summum
711 1685 801 1732 bonum

130 1757 227 1814 ponunt,
238 1746 345 1814 proeoinre
358 1749 393 1798 illi
410 1749 521 1814 quidem:
539 1747 578 1796 sed
595 1749 644 1796 haec
661 1748 711 1812 ipsa
727 1749 801 1797 virtue

134 1813 258 1862 amionem
277 1821 299 1861 et
313 1814 395 1876 gignit,
408 1822 430 1861 et
448 1812 564 1871 eontinet3
581 1827 631 1874 nec,
647 1812 799 1874 sinevirtute,

136 1876 352 1926 amicitieesseullo
362 1885 428 1941 paeto
438 1885 519 1940 potest:
735 1893 740 1904 ·

163 1939 220 1987 Jam
235 1940 343 1988 virtutem
357 1956 387 1988 ex
401 1940 563 1990 oonsuetudine
579 1941 632 1990 vita·
644 1941 801 2005 sermonisque

132 2004 204 2052 nostri
222 2004 410 2066 interpretemur3
438 2019 480 2052 neo
497 2019 557 2062 eam,
576 2013 603 2052 ut
619 2005 714 2068 quidum
729 2005 799 2064 dooti,

132 2070 255 2117 verborum
271 2067 442 2130 magnificentii
456 2069 593 2116 metiamur:
603 2069 716 2132 ¹uirosque
728 2069 801 2118 bonos

133 2139 180 2191 eos,
198 2131 239 2196 qui
256 2131 379 2190 habentur,
398 2145 554 2190 numeremus,
574 2132 668 2190 Paulos,
691 2131 798 2190 Catones,

133 2197 221 2257 Gallos,
233 2195 358 2260 Scipiones,
370 2193 457 2246 Philos.
485 2196 530 2243 His
540 2197 669 2244 eommunis
683 2196 731 2243 vita
746 2211 801 2244 oon.

131 2269 194 2311 tento
208 2269 257 2310 eet:
275 2276 313 2309 eos
381 2275 406 2306 m
420 2259 562 2314 omittemus,
573 2259 615 2323 qui
631 2259 725 2308 omnino
744 2275 800 2308 nus·

131 2339 201 2390 quum
211 2325 362 2389 reperiuntur.
385 2323 460 2372 'Iules
470 2325 541 2388 igitur
554 2321 614 2371 inter
628 2325 687 2372 viros
700 2323 801 2372 amicitie

131 2397 205 2439 untes
215 2389 396 2466 opportunitates
406 2387 483 2448 hebet,
493 2397 590 2454 quantes
600 2388 640 2436 vix
650 2404 710 2452 queo
717 2388 799 2436 dicere.

136 2461 139 2466 '
163 2454 289 2518 Prinetpio,
304 2453 341 2502 eui
359 2455 433 2518 potest
447 2469 495 2504 esse
513 2455 530 2484 “
540 2452 587 2502 vitu
602 2453 694 2502 vitelie”
714 2457 752 2507 (ut
767 2451 801 2500 ait

131 2517 241 2580 Ennius),
252 2518 351 2584 quinon
361 2519 386 2566 in
400 2518 469 2566 amici
478 2517 562 2566 mutui
572 2517 730 2566 benevolentii
746 2531 801 2564 wn-

79 2587 81 2591 '
133 2583 251 2647 quieeoeti
268 2583 334 2644 Quid
344 2581 442 2642 dulcius,
453 2599 525 2647 quom
535 2583 628 2640 habere,
644 2582 741 2646 quicum
749 2596 800 2628 om·

132 2647 267 2698 nuendeu
282 2647 315 2698 sio
330 2646 403 2712 loqui,
414 2657 442 2698 ut
458 2651 554 2716 ¹tetum?
571 2646 632 2708 Quis
648 2654 708 2696 esset
722 2653 801 2717 tantqr

155 2711 268 2775 tritus.)
281 2725 345 2764 von.
358 2726 396 2762 tv.
553 2713 599 2760 21
