1856 2952
320 149 565 198 PHAENOMENA.
730 141 778 188 453

91 277 209 328 Lacteus
219 279 258 327 hic
268 277 340 326 nimio
350 279 441 342 fulgens
449 277 545 326 candore
555 282 664 322 notaturi

94 343 152 391 Hic
165 359 216 392 non
227 351 364 407 perpetuum
375 343 482 390 deterrens
493 339 582 388 conficit
593 341 680 395 orbem,
730 335 778 382 250

96 407 150 456 Sed
163 408 241 471 spatio
251 407 352 454 multum
363 407 450 470 superis
460 413 566 469 praestars
577 403 667 450 duobus

97 471 214 529 Dicitur,
226 480 248 519 et
258 471 304 518 late
314 471 364 518 culi
373 472 469 518 lustrare
480 483 593 517 cavernas.

101 535 223 594 Quorum
235 536 292 582 alter
302 545 397 598 tangens
407 534 533 598 Aquilonis
544 531 639 580 vertitur
648 544 723 586 suras,

103 597 160 647 Ora
171 608 253 662 petens
264 599 415 647 Geminorum
426 597 540 646 illustriss
558 605 608 644 tum
616 608 689 657 genus
699 591 780 640 sidens

14 693 15 696 =
104 664 139 710 ln
151 679 204 711 sese
214 665 313 712 retinens
321 664 418 726 Aurigae
427 671 503 726 portat
512 671 645 722 utrumque.
732 657 779 702 255

109 727 189 776 Hunc
200 729 254 776 suri
263 727 321 776 lavi
332 728 436 786 Perseus,
447 728 590 788 humeroque
601 722 701 777 sinistro,

108 791 215 854 Tangit:
227 792 434 840 adAndromedsm
441 791 479 838 hic
487 791 568 838 dextri
576 789 605 835 de
613 792 781 850 psrtetenetur‚

110 855 160 902 Cui
175 871 260 904 manus
273 856 302 904 ad
313 857 422 916 Boream,
436 856 527 904 cubitus
540 854 577 902 cui
592 858 677 916 spectat
687 849 717 896 ad
727 852 782 894 Au-

211 930 298 968 strum:

111 983 265 1060 Imponitque
275 985 343 1049 pedes
354 986 456 1050 duplices
465 985 566 1048 Equus:
584 991 607 1030 et
614 980 683 1030 simul
692 978 751 1026 Ales

113 1048 186 1096 Ponit
196 1065 244 1097 avrs
254 1060 331 1114 caput,
343 1061 366 1098 et
376 1051 459 1098 clinato
469 1065 561 1112 corpore
571 1056 670 1109 tergum.
734 1041 783 1088 260

115 1112 275 1176 Anguitenens
286 1115 387 1162 humeris
398 1115 537 1162 connititur:
554 1113 596 1158 illa
605 1109 711 1158 reoedens

114 1177 230 1224 Austrum
242 1179 387 1241 consequitur
396 1179 499 1225 devitans
509 1191 601 1238 corpore
611 1175 691 1236 Virgo.

115 1240 150 1287 At
157 1257 210 1288 vero
221 1252 295 1291 totum
306 1243 406 1304 spatium
417 1243 526 1289 convestit
536 1250 559 1287 et
569 1239 629 1287 orbis

117 1303 218 1367 Magnu’
229 1305 287 1362 Leo,
299 1315 321 1352 et
335 1307 395 1352 clsro
405 1307 518 1353 collucens
527 1305 616 1351 lumine
627 1300 724 1355 cancer,

118 1366 147 1414 ln
159 1384 205 1431 quo
215 1369 337 1417 consistens
348 1370 457 1417 convertit
467 1369 606 1416 currimlum
617 1366 651 1413 sol
736 1363 783 1410 265

119 1433 232 1492 AEstivus,
243 1432 319 1481 medio
329 1433 470 1497 distinguens
483 1447 576 1496 corpore
586 1445 672 1478 cursus.

121 1496 168 1544 Hic
178 1506 238 1546 totus
248 1498 338 1545 medius
349 1497 407 1546 circo
417 1497 556 1559 disjungitur
566 1496 624 1559 ipso,

122 1561 319 1613 Subterrtsstatum
331 1577 385 1610 cava
396 1563 506 1625 tegmina,
518 1570 541 1608 ct
550 1560 613 1607 intus
623 1567 646 1606 et
657 1565 729 1617 extra,

122 1625 210 1674 Lumen
221 1627 322 1674 habens:
340 1627 394 1674 saevi
404 1627 444 1674 sed
454 1626 489 1674 vis
498 1625 611 1672 horrenda
622 1623 707 1670 Leonis

123 1690 252 1738 Pectoribus
263 1691 343 1739 validis
353 1701 422 1755 atqm
432 1692 484 1739 alvo
494 1690 594 1754 possidet
604 1689 690 1736 orbern.
737 1687 785 1741 27⁰

125 1753 193 1802 Hunc
203 1766 253 1803 octo
263 1756 287 1802 in
298 1765 374 1820 partes
384 1756 483 1804 divisum
494 1770 585 1803 noscere
596 1754 682 1800 circum

125 1817 149 1865 Si
158 1828 227 1882 potes,
238 1819 340 1867 invenies
351 1835 433 1884 supero
444 1820 567 1868 convertier
577 1820 632 1866 orbe

126 1881 231 1944 Quinque
239 1884 291 1945 pari
301 1885 383 1947 spatio,
398 1894 473 1947 partes
483 1893 529 1930 tres
539 1898 587 1930 esse
597 1882 694 1938 relictas,

130 1943 239 2008 Tnpore
249 1956 360 1995 nocturno
371 1949 468 2010 quasvis
478 1948 567 1994 inferna
577 1947 712 2008 frequentet.

129 2009 189 2057 Alter
198 2011 227 2058 sb
238 2010 331 2058 infernis
342 2013 423 2059 Austri
433 2012 571 2059 convertitur
581 2009 659 2056 auriss
739 2008 787 2062 275

130 2073 269 2122 Distribnens
279 2075 382 2122 medium
396 2078 475 2123 subter
485 2084 544 2122 secat
553 2075 592 2122 hic
602 2074 776 2135 Capricornum,

129 2137 206 2200 Atque.
212 2139 280 2201 pedes
288 2140 389 2202 gelidum
400 2140 475 2186 rivum
485 2139 602 2186 fundentis
614 2138 712 2200 Aquari,

115 2245 117 2251 ,
132 2201 279 2266 Ctenrlcoeque
289 2205 360 2252 feram
372 2204 467 2252 caudam
480 2204 589 2260 Pistricis,
601 2202 701 2249 erilium

132 2265 260 2330 Fulgentem
277 2268 408 2332 Leporem:
431 2269 484 2316 inde
498 2268 566 2332 pedes
583 2265 661 2322 Canis,
679 2273 702 2313 et
718 2264 790 2311 simul

205 2375 207 2384 ,
219 2333 321 2395 amplam

134 2395 255 2458 Argolicam
266 2397 347 2446 retinet
357 2399 434 2446 crebro
445 2413 497 2445 cum
509 2396 597 2444 lumine
608 2395 715 2443 Navemr
742 2393 789 2441 280

135 2461 246 2524 Tergaque
257 2461 374 2519 Centauri,
386 2471 455 2526 atque
463 2463 487 2509 N
490 2466 541 2524 epol
549 2470 624 2524 portat
635 2473 746 2507 acumenr

136 2523 185 2572 Inde
195 2525 301 2589 Sagittari
312 2528 415 2575 defixum
425 2527 524 2590 possidet
534 2541 620 2574 arcum.

137 2589 231 2648 limen
241 2590 356 2640 clarisouis
367 2591 428 2640 suris
440 2591 563 2650 Aquilonis
573 2589 602 2636 ad
614 2590 728 2636 Austrum

138 2653 221 2728 celem,
230 2665 374 2730 postremum
385 2656 459 2720 tangit
467 2665 515 2703 rota
525 2654 612 2703 fervida
623 2654 675 2702 solis
684 2669 690 2700 r

140 2717 253 2770 Eundem
264 2737 357 2786 mperes
368 2721 469 2771 brumali
480 2731 583 2786 tempore
593 2719 655 2768 flexu
743 2717 787 2763 28Γ
