1856 2952
138 134 186 182 456
347 133 592 184 PHAENOMENA.

135 260 200 308 Num
210 263 299 312 brevior
309 265 371 312 derb
382 265 431 312 ooeli
442 265 470 312 de
480 274 544 329 perte
555 263 662 318 videturr

136 325 244 389 Amplior
253 327 354 377 infernas
364 329 474 392 depulsus
485 329 585 392 possidet
597 330 706 376 umbras.

136 389 253 448 Quattuor
263 393 301 442 hie
312 394 390 442 obiens
401 409 477 441 secum
488 393 599 440 deducere
610 393 677 455 signs
780 389 842 436 365

135 453 250 516 Signifero
261 459 318 506 solet
328 474 357 506 ex
367 459 417 505 orbi
426 476 433 504 ε
450 466 501 504 tum
512 457 584 505 serius
594 457 642 517 ille,

137 517 200 566 Cum
212 523 295 584 superi
306 539 354 570 sese
364 523 454 570 satiavit
464 523 524 579 luce,
535 521 629 578 recedit,

83 614 90 630 ⁴
138 582 194 631 Post
204 586 305 634 mediam
315 588 394 634 labens
404 587 464 634 clero
474 601 528 634 oum
538 601 631 648 corpore
641 592 753 632 noctem.

137 645 197 696 Haec
207 651 303 698 obseura
313 660 393 698 tenens
402 651 512 698 oonvestit
522 649 596 697 sidera
606 649 681 697 tellus.

137 717 181 770 At,
193 723 258 777 perte
268 731 297 762 ex
308 716 361 773 alit,
374 715 439 763 eloris
451 731 503 762 oum
514 715 605 762 lucibus
616 721 676 761 errat
772 712 832 768 370

138 776 222 834 Orion,
233 779 335 827 humeris
347 789 369 827 et
376 781 423 827 lato
434 789 522 842 pectore
531 779 632 841 fulgens,

138 841 172 889 Et
183 841 262 890 dextri
273 845 372 891 setheus
382 859 429 890 non
440 859 529 892 cessum
539 843 635 890 luminis
646 855 740 890 ensem.

141 905 187 953 Sed
197 921 251 954 eum
262 907 290 954 de
301 909 365 954 terris
377 909 411 955 vis
421 918 454 956 est
464 908 579 971 patefacte
590 907 684 965 Leonis,

139 969 235 1027 Omnis,
247 987 299 1034 quae
309 971 397 1019 Conoer
407 973 515 1035 praeclare
526 971 609 1018 detulit
619 980 679 1029 ortu,
779 972 782 976 ’

139 1033 231 1081 Cedunt
242 1037 376 1090 obscurata:
395 1035 464 1084 simul
475 1037 509 1083 vis
519 1051 605 1098 magne
615 1034 718 1098 Aquilai
763 1035 821 1090 375

140 1097 246 1157 Pellitur,
258 1115 285 1146 ec
295 1099 355 1147 flexo
365 1100 484 1148 considens
495 1115 588 1164 corpore
599 1099 677 1147 Nixus

139 1162 196 1210 Jom
208 1179 289 1227 supero
300 1164 371 1212 ferme
382 1165 491 1228 depulsus
500 1165 590 1212 lumine
600 1164 675 1212 cedit:

140 1225 185 1274 Sed
195 1229 281 1276 laevum
292 1245 364 1292 genus
375 1240 444 1293 etque
454 1229 567 1276 illustrem
578 1228 663 1292 linquit
672 1228 696 1274 in
704 1229 788 1276 alnum

140 1291 264 1341 Plantam:
276 1303 328 1341 tum
336 1303 414 1342 eontra
422 1294 522 1341 exoritur
533 1295 621 1341 elutum
628 1301 697 1356 eaput
708 1293 814 1356 Hydrae,

141 1355 174 1403 Et
185 1358 273 1421 Lepus,
285 1367 308 1406 et
319 1360 432 1422 Procyon,
444 1359 484 1422 qui
495 1373 542 1406 sese
552 1357 652 1406 fervidus
662 1357 733 1404 infert
759 1359 814 1406 380

140 1421 203 1470 Ante
213 1424 301 1471 Cenem
311 1442 317 1470 ι
335 1423 388 1471 inde
401 1423 471 1472 Canis
481 1422 576 1484 vestigia
586 1422 660 1485 prime
670 1421 788 1470 videntur.

141 1486 197 1533 Non
208 1503 282 1550 peuce
292 1503 304 1534 e
315 1488 372 1535 coelo
381 1487 496 1551 depellens
507 1487 572 1560 signu
582 1495 674 1549 repente

141 1549 263 1609 Exoritur,
276 1552 374 1600 condens
385 1552 468 1600 illustri
478 1552 575 1609 lumrne,
587 1551 669 1613 Virgo.

142 1614 210 1663 Cedit
220 1617 280 1663 olera
290 1615 359 1662 Fides
371 1616 493 1679 Cyllenie:
511 1615 622 1678 mergitur
631 1614 695 1662 undd

141 1678 273 1742 Delphinus
282 1695 290 1734 ς
307 1679 377 1726 simul
388 1680 503 1742 obtegitur
513 1679 608 1742 depulso
618 1679 713 1742 Sagitta,
756 1681 806 1727 385

140 1744 221 1805 Atque
233 1743 290 1790 Avis
301 1743 330 1790 ed
341 1758 458 1790 summurn
469 1743 575 1802 cendum,
585 1743 716 1807 primusque
723 1744 807 1794 recedit

141 1807 243 1863 Pinnas3
261 1816 283 1855 et
294 1821 392 1870 mugnus
400 1808 485 1871 pariter
496 1807 609 1855 delabitur
620 1808 710 1856 Amnis.
894 1837 895 1864 ;

141 1871 190 1918 llio
201 1872 391 1936 Equusacepite
402 1873 600 1935 etlongieerviee
609 1872 711 1920 latescit:
891 1885 895 1928 l

142 1935 247 2000 Longius
258 1937 359 1984 exoritur
367 1939 417 1999 jam
428 1937 489 1985 claro
499 1951 591 1999 corpore
601 1938 698 2000 Serpens
707 1954 714 1995 ς
802 1941 807 1949 “
894 1973 895 1998 ,

144 1999 286 2064 Creterique
296 2011 363 2050 tenus
372 2003 433 2050 lueet
443 2001 578 2050 mortalibus
590 2001 679 2075 Hydra.
755 2002 802 2050 39⁰
894 1999 895 2006 ’

144 2065 204 2114 Inde
214 2067 283 2130 pedes
293 2066 363 2114 Canis
374 2065 471 2114 ostendit
479 2067 528 2127 jem
539 2074 680 2128 posteriores,

143 2131 177 2178 Et
188 2140 239 2194 post
249 2131 297 2194 ipse
307 2132 376 2178 trehit
387 2130 448 2178 eluro
458 2145 511 2178 cum
522 2130 612 2177 lumine
623 2129 738 2193 Puppim:

144 2195 279 2258 Insequitur
289 2195 368 2248 labens
378 2211 420 2258 per
430 2194 479 2243 eoeli
488 2193 579 2242 lumine
591 2194 680 2241 Navis:

143 2257 185 2317 Et,
194 2273 248 2306 eum
258 2259 308 2318 jam
318 2269 367 2308 toto
377 2259 484 2323 processit
494 2273 587 2321 corpore
598 2257 680 2320 Virgo,

143 2321 202 2369 Haee
212 2323 316 2369 medium
327 2323 425 2370 ostendit
435 2323 522 2370 radiato
532 2322 608 2384 stipite
619 2321 718 2370 Malum.
752 2323 797 2372 395

142 2386 186 2441 At,
198 2401 253 2433 eum
263 2387 389 2449 procedunt
401 2389 495 2434 obscuro
506 2400 598 2447 corpore
609 2383 694 2444 chelm,

141 2448 241 2496 Exsistit
251 2450 336 2512 puriter
345 2450 410 2512 lurgis
421 2465 474 2497 cum
484 2450 535 2496 luce
545 2451 630 2496 Bootes
639 2465 647 2504 ς
715 2463 719 2470 ”

142 2511 217 2572 Cujus
228 2513 252 2558 in
263 2512 356 2560 adverso
367 2522 400 2560 est
411 2513 527 2560 Arcturus
537 2527 630 2587 corpore
640 2512 712 2567 fixusr

140 2573 248 2638 Totoque
257 2578 307 2637 jam
317 2593 387 2640 supra
397 2577 487 2639 fulgens
498 2576 625 2651 prolabitur
635 2575 712 2638 Argos

140 2635 278 2700 Hydreque,
291 2641 353 2704 quod
364 2641 409 2689 lete
420 2641 476 2688 coelo
486 2641 587 2704 disperse
597 2647 693 2695 tenetur,
749 2641 792 2688 40⁰

548 2911 658 2919 .......-.-.-
664 2914 690 2919 ....
696 2903 885 2920 .a-u...ss-fl.—.
