1862 2964
129 115 177 196 nse
232 143 279 194 uu
295 129 689 204 orn1cr1s,n1n.1.omso.‘

130 273 234 336 judieetz
251 272 421 336 prhitipmrque
433 285 457 319 se
468 287 516 320 esee
525 272 622 330 mavult
634 285 706 335 quom
716 269 798 320 videri

132 337 235 396 Etenim,
247 336 288 400 qui
298 351 327 384 ex
337 351 411 384 errore
420 335 532 399 inperite
541 335 696 384 multitudinis
703 335 800 398 pendet,

133 401 171 449 hio
181 401 205 448 in
215 400 306 463 magnis
316 400 369 448 viris
379 413 425 447 non
437 407 470 448 est
479 399 605 449 habendus.
626 399 746 446 Facillime
756 415 802 446 aua

134 474 182 513 tem
192 464 222 511 sd
232 480 267 512 ree
277 464 373 525 injustas
383 463 517 527 impellitur,
528 472 555 511 ut
581 464 662 526 uisque
673 470 707 510 est
717 463 802 511 altissi-

133 543 174 578 mo
183 527 271 588 urimo,
282 536 305 576 et
315 527 393 602 glorie
403 527 495 592 cupido.
518 480 640 586 Quiqloeus
653 535 688 574 est
697 542 752 574 esne
762 527 802 574 lu-

134 593 220 652 briome
231 592 294 656 quod
304 607 344 640 vix
355 592 477 651 invenitur,
488 591 538 655 qui,
553 591 669 639 laboribus
682 591 801 653 susceptis,

54 713 59 722 ‚
135 657 287 724 periculisque
296 655 372 716 editis,
383 671 438 714 non,
450 656 516 720 qussi
526 655 653 704 mercedem
663 669 804 718 rerumges-

137 729 223 780 tarum,
235 720 344 768 desideret
354 720 458 783 gloriam
805 725 808 734 ’

145 807 148 812 ·
170 785 229 834 XX.
245 784 349 834 Omnino
364 783 429 832 fortis
444 783 543 842 suimus,
559 792 582 832 et
594 797 701 846 nmgrms,
712 782 805 830 duabus

139 852 208 900 rebus
218 847 319 896 maxime
329 848 444 904 cerritum
462 862 560 911 quarum
570 862 617 896 une
631 847 657 894 in
671 861 748 894 rerum
763 862 806 894 ex·

139 923 257 962 temeram
271 909 416 974 despiciendi
431 911 533 975 ponitur,
549 926 602 959 cum
616 907 750 975 persuasum
765 910 809 971 εἰς

141 977 200 1025 nihil
209 973 335 1035 hominen,
347 975 391 1022 nisi
399 975 461 1038 quod
472 976 594 1024 honestum
605 975 758 1038 deoorumque
766 973 806 1034 sit,

140 1049 182 1088 eut
189 1039 308 1098 summu,
316 1047 357 1087 aut
364 1048 449 1102 optare,
458 1048 499 1087 sut
505 1047 609 1102 expetere
617 1047 735 1102 oportere3
752 1039 809 1085 nul·

138 1103 202 1168 lique
212 1118 287 1166 neque
296 1103 394 1164 homini,
405 1118 479 1166 neque
496 1103 660 1166 permrbstioni
670 1102 750 1160 enini,
762 1117 807 1150 nec

38 1189 40 1193 ·
141 1168 249 1227 fortune,
261 1169 413 1216 succumbere
438 1167 520 1216 Altera
530 1165 809 1227 estres‚ut,'cumitosis

141 1231 235 1280 affectio
245 1230 330 1292 animo,
342 1241 369 1279 ut
379 1247 448 1295 supra
458 1231 517 1291 dlxi,
527 1247 563 1278 res
572 1247 645 1294 gmes,
652 1244 748 1292 magnes
755 1230 810 1278 illae
829 1225 835 1252 l

143 1295 246 1361 quidem,
255 1304 279 1344 et
285 1296 387 1351 menime
396 1297 471 1356 utiles,
483 1295 552 1344 sedet
561 1295 705 1343 vehementer
715 1295 807 1356 arduas,

143 1361 268 1426 plenasque
281 1361 387 1423 laborum
406 1370 429 1408 et
442 1359 603 1424 periculorum,
618 1366 669 1406 tum
684 1357 744 1418 vite,
756 1366 810 1426 tum

143 1425 271 1473 multarum
281 1425 378 1472 uliemm
388 1439 474 1483 renum,
482 1438 535 1487 qum
544 1423 575 1470 ed
584 1423 656 1470 vitem
663 1423 784 1486 pertinent.

177 1489 270 1536 Herum
280 1505 357 1537 rerum
373 1488 471 1535 dusmm
481 1487 588 1550 splendor
598 1487 673 1534 omnis
688 1494 711 1534 et
725 1487 810 1550 empli-

144 1551 201 1600 tudo
212 1552 358 1610 (nemetiam
367 1551 501 1610 utilitatem)
510 1551 664 1614 inposteriore
674 1558 723 1598 est:
741 1565 811 1599 eausa

144 1615 624 1677 antemetmtioeffioiensmngnosviroe,
639 1614 808 1678 estinpriorer

141 1679 169 1726 in
180 1693 207 1726 eo
217 1677 279 1726 enim
290 1686 324 1726 eet
333 1678 400 1737 illud,
428 1677 475 1726 uod
485 1678 619 1726 excellentes
628 1679 725 1739 animos,
732 1686 755 1726 et
764 1679 811 1726 hu-

143 1756 215 1790 mane
222 1750 398 1801 oontemnentem
446 1741 470 1789 't
497 1741 528 1790 Id
535 1751 613 1790 sutem
622 1743 700 1806 ipsum
709 1743 810 1798 cernitur

143 1805 170 1854 in
177 1804 276 1865 duobus,
287 1804 306 1853 si
317 1813 340 1853 et
350 1806 424 1852 solum
434 1805 467 1865 id,
476 1805 539 1869 quod
544 1806 666 1854 honestum
674 1807 712 1866 sit,
720 1809 808 1855 bonum
914 1801 919 1810 ”

143 1867 240 1930 iudices,
251 1877 275 1916 et
284 1869 348 1915 omni
358 1867 429 1916 animi
439 1871 608 1932 perturbatione
618 1871 676 1919 liber
689 1871 726 1918 eis.
744 1871 809 1918 Nam

145 1941 169 1980 et
185 1947 220 1992 ee,
238 1947 291 1995 que
307 1932 393 1980 eximia
408 1933 523 1998 plerisque
538 1943 562 1982 et
573 1935 681 1998 prtednrn
693 1935 809 1995 videntur,

145 2011 216 2060 parve
226 1996 316 2056 ducere,
325 2011 397 2060 esque
404 1997 491 2046 rationo
501 1998 577 2046 stabili
587 1999 699 2063 firmique
709 2007 810 2048 oontem-

146 2075 209 2122 nere,
224 2061 288 2109 fortis
302 2061 375 2108 animi
388 2061 513 2126 magnique
526 2061 656 2113 ducendum
671 2071 721 2110 est:
738 2069 761 2110 et
774 2078 809 2124 ee,
915 2061 917 2068 '

146 2141 200 2188 quse
210 2125 316 2174 videntur
328 2126 416 2182 eoerbs,
432 2130 495 2189 (quie
508 2127 583 2176 multe
593 2135 616 2174 et
626 2127 689 2175 vorin
697 2127 723 2174 in
736 2127 810 2175 homi-

146 2203 206 2238 num
221 2189 269 2238 uiti
282 2189 422 2252 dominique
431 2197 558 2248 versenmr)
572 2190 605 2238 its
613 2190 681 2252 ferre,
692 2198 719 2238 ut
729 2190 787 2238 nihil
796 2206 812 2239 ιι

146 2262 208 2301 statu
216 2261 304 2302 nature
313 2253 422 2313 dhoedes,
433 2253 492 2302 nihil
502 2270 517 2302 e
531 2253 642 2317 dignitate
651 2254 766 2318 sapientis,
774 2270 812 2303 ro·

146 2317 209 2366 busti
219 2318 291 2366 animi
301 2325 343 2378 est,
351 2319 630 2381 megnmqneoonstuntiae.

180 2381 236 2430 Non
247 2391 281 2430 est
290 2391 367 2430 nutem
378 2390 562 2442 oonsentuneum
570 2383 611 2447 qui
618 2391 682 2432 metu
693 2397 739 2432 non
749 2381 812 2432 iren-

147 2451 224 2506 getnr‚
236 2460 290 2492 eum
299 2445 375 2508 frangi
385 2443 524 2508 cupiditete3
536 2461 586 2506 nee,
594 2447 635 2510 qui
644 2448 756 2496 invictum
766 2464 812 2498 ses

148 2507 226 2556 labore
250 2509 370 2568 restiterit,
381 2509 441 2564 vinei
451 2526 465 2557 a
476 2511 599 2573 voluptate.
620 2511 777 2570 Quamobrem
788 2511 818 2560 et'

148 2572 197 2645 htee
207 2524 312 2631 videndo,
324 2581 351 2620 eo
360 2574 463 2648 potuerim
477 2573 586 2648 fugienda
599 2575 718 2638 cupiditas.
744 2575 818 2646 Nihil:

146 2649 208 2690 enm
225 2644 259 2698 ot
278 2645 326 2687 mn
342 2646 438 2702 augus
450 2652 529 2700 mnu,
545 2647 639 2704 temque
655 2640 728 2703 parvi,
740 2654 811 2704 qum
