1856 2952
126 185 173 230 444
314 183 464 235 TIMAEUS.
483 185 546 235 Cer.
565 187 602 234 14.

123 311 230 360 omnibus
238 327 334 378 corpus:
351 316 453 380 itemque
462 315 486 362 in
496 316 641 363 eoinfluente
649 323 726 378 suque
735 311 825 362 efflu-

125 384 176 422 ente
194 377 271 426 unimo
291 379 368 427 divino
385 381 485 429 ambitus
503 380 631 444 illigabunt.
650 381 743 443 ltaque
764 379 821 438 illi,

124 440 149 486 in
160 440 247 489 flumen
258 443 368 500 immersi,
380 460 454 508 neque
470 446 585 504 tenebant,
597 460 674 509 neque
685 446 821 492 teneban-

125 513 179 551 tur:
198 507 237 554 sed
248 508 272 555 vi
288 509 373 571 magni
390 517 441 556 tum
460 509 571 567 ferebant,
587 519 639 558 tum
654 510 819 556 ferebantur.

126 567 164 615 lta
175 578 249 619 totum
265 574 349 620 animal
361 576 495 622 movebatur
505 573 565 620 illud
575 573 680 636 quidem,
701 573 747 620 sed
760 573 817 620 im·

126 634 251 695 moderate,
271 647 294 685 et
309 638 413 696 fortuitu,
432 648 459 686 ut
478 653 519 685 sex
537 639 639 686 motibus
658 638 816 686 veheretur:
897 687 898 696 χ

126 712 182 745 nrm
201 710 224 747 et
240 711 293 750 ente
308 711 330 750 et
345 717 413 766 pone,
425 703 454 750 od
465 702 546 750 laersm
558 712 581 750 et
598 703 628 750 ad
645 702 771 758 dextram,
788 709 816 748 et

126 776 218 811 sursum
237 775 260 814 et
277 767 393 824 deorsum,
408 767 477 814 modo
492 767 546 826 huc,
564 767 633 814 modo
648 767 707 814 illuc
721 766 736 792 ³
756 766 776 792 ³
798 765 815 792 ³

126 841 166 874 sex
177 844 227 877 ores
238 831 384 896 regionesque
393 847 469 879 versus
477 846 554 879 errans
563 832 700 895 procedebat
720 830 736 856 ³
756 831 774 857 ¹
796 829 813 857 ³
898 832 899 850 ¹

126 890 183 938 Jam
201 911 254 942 vero
269 911 347 942 earum
364 895 501 958 imaginum,
517 912 570 959 quae
580 897 701 958 finguntur
713 903 739 942 et
750 894 813 942 red-

127 955 214 1004 duntur
223 958 247 1005 in
259 961 364 1022 speculis,
377 975 561 1024 eommquequae
569 959 689 1022 splendida
699 969 725 1006 et
732 959 811 1006 laevie

127 1029 187 1080 sunt,
209 1023 319 1070 rationem
338 1025 463 1086 perspicere
475 1022 539 1071 houd
556 1023 646 1071 difficile
661 1032 701 1092 est.
723 1024 808 1082 Nam,

126 1099 155 1130 ex
170 1085 229 1147 ignis
247 1086 375 1151 utriusque,
395 1087 483 1135 externi
497 1095 567 1152 atque
581 1088 673 1145 interni,
691 1089 810 1135 comm'u·

127 1148 195 1196 nione
205 1150 264 1198 inter
274 1152 344 1216 ipsos,
353 1167 407 1200 cum
414 1167 475 1200 unus
484 1169 524 1216 per
534 1153 636 1215 singulm
643 1161 720 1215 partos
732 1153 808 1200 effec-

128 1219 174 1271 tus,
183 1223 206 1262 et
215 1215 296 1264 multis
306 1217 380 1270 modis
391 1233 482 1266 concors
493 1227 516 1265 et
526 1226 594 1281 aptus
604 1216 705 1264 redditus
721 1216 748 1264 in
758 1218 806 1265 lae-

128 1293 181 1326 vore
189 1281 289 1329 consedit
301 1281 314 1308 ³
333 1282 346 1309 ³
364 1282 378 1309 ³

161 1343 232 1393 XlV.
250 1347 295 1394 Sed
312 1347 370 1395 siin
385 1347 503 1410 splendore
520 1346 628 1405 consedit,
645 1354 697 1393 tum
711 1345 751 1393 vel
761 1361 805 1393 ea-

128 1408 182 1456 dem
191 1411 283 1474 species,
293 1412 328 1459 vel
336 1412 451 1460 interdum
462 1412 594 1469 immutata,
603 1410 706 1458 redditur
718 1409 732 1436 ³
751 1410 766 1436 ³
785 1411 803 1438 ³

127 1475 252 1538 omniaque
259 1475 392 1537 hujusmodi
402 1475 525 1524 necessario
532 1475 556 1522 iu
568 1476 660 1538 speculo
666 1474 803 1522 referuntur

130 1537 144 1564 ³
162 1538 176 1565 ³
194 1540 208 1566 ³
225 1555 277 1588 cum
289 1541 348 1602 ignis
359 1541 486 1598 oculorum,
503 1555 557 1588 cum
569 1555 595 1587 eo
606 1540 658 1602 igne
669 1539 711 1601 qui
722 1541 798 1587 estob

127 1616 152 1649 os
163 1601 282 1661 offusus,³
300 1604 314 1631 ³
332 1605 345 1632 ³
367 1606 391 1652 in
403 1621 427 1652 re
442 1605 495 1652 laevi
511 1613 533 1652 et
548 1603 667 1666 splendidi
678 1603 692 1629 ³
710 1602 724 1628 ³
743 1602 757 1629 ³
773 1619 800 1651 se

127 1667 231 1714 oonsudit
245 1677 267 1714 et
286 1669 388 1715 contulit.
414 1669 504 1716 Dextra
522 1677 599 1715 autem
615 1667 730 1725 videntur,
744 1683 799 1731 quae

127 1731 186 1777 laevu
201 1740 262 1788 sunt,
281 1733 344 1795 quio,
355 1732 472 1780 contrariis
482 1733 585 1795 partibus
600 1732 727 1790 oculorum,
743 1745 797 1780 oon-

128 1794 208 1842 tran‘us
219 1805 295 1857 partes
311 1797 428 1858 attingunt
440 1796 453 1823 ³
472 1795 485 1824 ³
504 1798 518 1824 ³
535 1806 617 1859 preter
627 1811 715 1842 morem
726 1796 797 1843 usito„

129 1866 179 1906 tum
191 1859 330 1920 adjectionis,
343 1869 365 1908 et
376 1861 540 1909 commissurus.
553 1861 567 1887 ³
585 1861 598 1887 ³
617 1861 630 1888 ³
648 1860 796 1923 Respondent

129 1931 206 1971 sutem
217 1925 298 1972 dextra
314 1924 407 1983 dextris,
419 1925 477 1973 laeva
491 1923 562 1984 luris,
575 1923 718 1973 conversione
727 1924 795 1971 lumi-

129 2001 195 2046 num,
207 2005 261 2036 cum
272 2005 299 2038 eu
309 1991 369 2038 inter
384 2003 465 2037 senon
476 1991 635 2038 cohaerescunt.
654 1986 682 2035 Id
696 1989 731 2048 fit,
742 2003 793 2036 cum

130 2054 276 2116 speculorum
294 2055 381 2102 levius
402 2053 456 2102 hinc
471 2055 580 2118 illincque
598 2052 741 2101 altitudinem
759 2069 794 2100 us-

131 2118 222 2176 sumsit,
234 2127 256 2166 et
273 2120 306 2166 ita
316 2120 396 2166 dextre
407 2117 502 2165 detrusit
516 2119 540 2165 in
551 2119 634 2165 levum
644 2126 732 2180 partem
743 2132 794 2164 ocu·

130 2180 215 2240 lorum,
232 2184 335 2246 laevoque
345 2184 370 2230 in
386 2182 497 2230 dextram.
514 2183 603 2245 Supina
614 2182 682 2229 etism
701 2197 739 2228 ore
749 2197 793 2228 oer-

129 2254 217 2293 nuntur
235 2247 368 2310 depulsione
386 2247 512 2303 luminum,
530 2263 582 2311 quae
598 2254 728 2293 convertens
739 2245 792 2292 iufe-

129 2308 190 2356 riora
200 2311 282 2368 reddit,
295 2328 347 2375 quae
364 2321 418 2359 sunt
430 2312 551 2372 superiora.
568 2309 644 2372 Atqui
655 2309 704 2356 haec
719 2309 792 2357 omnia

128 2387 157 2418 ex
166 2388 193 2420 eo
203 2389 285 2435 genere
293 2383 355 2431 sunt,
367 2391 418 2438 quae
427 2389 503 2422 rerum
515 2375 625 2436 sdJuvont
635 2389 720 2420 causas.
737 2373 791 2431 Qui-

127 2435 172 2482 bus
191 2438 264 2484 utitur
280 2438 410 2486 ministeriis
423 2437 496 2493 Deus,
517 2454 570 2486 cum
589 2437 671 2500 optimi
689 2436 789 2498 speciem,

128 2501 205 2559 quoad
222 2501 272 2548 fieri
287 2511 369 2564 potest,
387 2502 461 2550 efficit.
479 2503 525 2550 Sed
539 2502 671 2550 existiment
684 2499 788 2563 plerique,

128 2575 175 2609 non
194 2564 243 2612 hoec
261 2565 395 2626 adjumenta
414 2581 542 2626 causarum,
562 2565 601 2614 sed
616 2564 658 2611 has
674 2563 734 2626 ipsos
746 2579 789 2612 esse

126 2626 233 2673 omnium
244 2643 331 2688 causus,
344 2646 396 2692 quoe
406 2629 454 2676 vim
464 2629 564 2684 habeant
574 2628 663 2690 frigoris
674 2635 696 2674 et
706 2627 787 2686 caloris,

135 2691 274 2740 erectionis
293 2701 316 2741 et
332 2693 444 2758 liquoris;
461 2701 552 2743 semum
562 2701 638 2742 autem
654 2691 718 2740 omui
728 2689 788 2739 iutel-
