1858 2946
111 129 142 178 sr
175 123 709 188 neo1v1uxs1onn,nu.r.cn›.rs.

144 256 202 306 Jam
213 256 294 304 satiata
304 256 400 315 animos,
410 255 459 317 jam
470 254 539 304 duros
549 253 599 302 ulta
609 250 705 313 dolores,

146 321 237 382 Abjicit
246 321 370 379 efflantem,
382 329 405 368 et
415 321 539 370 meatim
550 319 632 382 affligit
642 319 666 366 in
677 319 757 376 undd3

147 387 223 448 Seque
233 385 297 433 obitu
308 401 323 432 a
333 385 386 432 solis
397 385 480 432 nitidos
491 383 601 432 convertit
611 384 640 431 ad
650 392 720 430 ortus.

120 473 122 476 ·
149 449 218 496 llauc
228 449 278 509 ubi,
306 449 427 512 repetibus
437 449 514 512 pinnis
523 449 636 510 lapsuque
645 447 771 510 volantem,

149 512 275 576 Conspexit
316 513 385 572 arius,
397 513 469 560 divini
479 511 580 559 numinis
591 527 674 574 augur,

150 577 281 642 Farrstaque
292 577 357 640 signa
368 593 415 625 sure
424 577 499 624 laudis
508 576 638 639 reditusque
649 575 751 632 notavit3

151 642 259 689 Portibus
270 642 370 690 intonuit
380 642 430 689 coeli
441 642 509 688 Pater
519 641 567 702 ipse
578 639 680 688 sinistris.

126 737 128 745 ι
152 706 190 754 Sic
200 707 284 770 equile
294 707 382 754 clarum
393 705 492 753 muravit
501 705 595 768 Jupiter
605 704 698 751 omen.”

153 809 275 864 XLVIII.
287 811 367 872 Atque
376 809 414 856 ille
422 808 519 856 Romuli
527 817 651 870 auguratus
658 809 785 871 pastoralis,

120 887 167 924 non
182 875 292 931 tubanus,
306 873 366 929 fuit;
383 888 425 920 nec
440 873 505 920 fictus
520 873 549 920 ed
564 873 680 936 opiniones
695 873 788 936 imperi-

121 947 206 993 torum,
227 937 266 984 sed
285 952 299 984 a
317 938 382 984 certis
400 945 514 998 acceptus,
534 946 556 985 et
575 937 668 999 posteris
685 937 788 986 traditus.

123 1001 206 1063 Itsque
218 1001 332 1048 Romulus
343 1015 426 1064 augur,
441 1009 469 1054 ut
482 1001 545 1064 apud
559 1001 663 1049 Ennium
678 1009 719 1062 est,
735 1017 790 1050 cum

122 1064 192 1112 fratre
203 1063 259 1112 item
269 1080 364 1129 augme,

156 1169 296 1218 “Curantes
306 1171 392 1234 magnit
402 1187 455 1226 cum
468 1173 531 1230 ouri,
543 1173 701 1237 concupientes

155 1233 241 1298 Regni,
256 1236 312 1283 dant
320 1252 412 1300 operam
423 1237 492 1284 situul
503 1238 612 1301 suspicio,
623 1238 771 1300 augurioque

157 1299 221 1347 Hinc
232 1301 320 1349 Remus
331 1301 430 1364 auspicio
441 1318 465 1349 se
475 1302 578 1361 devovet,
590 1312 659 1366 atque
667 1302 791 1350 secundem

157 1365 226 1413 Solus
236 1381 302 1414 avem
313 1375 393 1414 servat.
410 1369 446 1414 At
456 1367 569 1414 Romulu'
580 1368 674 1429 pulcher
684 1367 709 1413 in
719 1367 766 1419 alte

158 1429 249 1488 Quaerit
258 1431 383 1489 Aventino,
395 1447 485 1480 servans
496 1447 567 1492 genus
578 1432 743 1480 altivotmtom.

158 1494 291 1553 Certabant,
301 1497 381 1542 urbem
394 1495 494 1542 Romam
506 1495 659 1542 Renrorsnme
670 1504 782 1543 vocarent

158 1557 272 1604 Ornnibu'
284 1574 338 1605 cura
349 1558 411 1616 viris,
422 1565 472 1610 uter
482 1566 539 1604 esset
549 1558 702 1620 induperator.

158 1619 307 1681 Exspectant,
320 1621 398 1676 veluti,
410 1621 489 1670 consul
500 1635 553 1666 cum
564 1622 654 1668 mittere
665 1622 757 1682 signum

158 1681 230 1728 Voltz
247 1697 326 1729 omnes
337 1683 397 1730 avidi
408 1691 509 1744 spectant
519 1683 548 1736 ad
559 1685 651 1731 carceris
661 1700 720 1742 oras,

158 1745 238 1802 Quam
249 1760 304 1792 mox
315 1746 404 1792 emittat
414 1745 480 1808 pictis
491 1763 519 1798 ex
530 1747 631 1802 faucibu’
642 1763 736 1795 currus:

158 1808 197 1854 Sis
208 1811 352 1871 exspectabat
362 1809 470 1872 populus,
481 1818 550 1874 atque
561 1827 599 1858 ore
609 1811 704 1860 timebat

160 1871 248 1930 Rebus,
260 1873 305 1919 utri
317 1874 393 1934 magni
406 1873 499 1921 victorie
509 1875 599 1922 sitdsta
609 1875 680 1938 regni.

159 1935 251 1983 Interea
261 1937 295 1983 sol
306 1937 369 1985 albu'
377 1938 466 1985 recessit
476 1939 500 1986 in
511 1939 584 1986 infera
594 1941 673 1988 noctis.

65 2009 68 2014 ·
159 1998 223 2046 Exin
234 2001 330 2048 candida
341 2018 364 2049 se
374 2001 442 2050 radiis
453 2002 516 2050 dedit
526 2003 571 2051 icta
580 2003 640 2052 foras
651 2005 707 2054 lux:

160 2062 192 2110 Et
203 2063 272 2111 simul
283 2081 312 2112 ex
323 2067 369 2114 alto
379 2066 447 2130 longe
457 2068 611 2130 pulcherrime
621 2085 709 2134 pnepes

160 2127 232 2176 Laeva
242 2130 326 2177 volavit
337 2131 399 2178 avisr
417 2131 486 2178 simul
497 2148 579 2180 aureus
589 2133 690 2182 exoritur
700 2134 740 2182 sol

159 2191 252 2240 Cedunt
262 2193 291 2241 de
302 2195 357 2243 soelo
367 2205 402 2242 ter
411 2205 510 2258 quatuor
520 2212 613 2260 corpora
623 2207 700 2246 sancta

160 2256 258 2313 Avium,
270 2259 408 2322 praepetibus
418 2255 465 2308 sese
475 2261 622 2326 pulchrisque
632 2263 687 2310 locis
697 2263 761 2311 dant.

160 2320 278 2384 Conspicit
288 2323 341 2371 inde
352 2324 395 2372 sibi
405 2324 458 2372 dats
469 2325 585 2374 Romulus
596 2343 643 2375 esse
654 2329 737 2391 priora,

160 2385 273 2449 Auspicio
283 2388 348 2452 regni
359 2389 458 2438 stabilita
469 2405 569 2451 scamna,
581 2392 727 2456 solumque''

162 2493 257 2541 XLIX.
274 2495 328 2552 Sed,
341 2496 403 2544 unde
413 2496 459 2544 huc
467 2496 567 2560 digresse
578 2507 619 2560 est,
631 2500 710 2548 eodem
722 2500 799 2548 redeat

128 2559 208 2606 oratio.
231 2559 256 2606 Si
267 2559 325 2606 nihil
337 2577 420 2624 queam
431 2561 555 2625 disputare,
568 2567 718 2626 quamobrem
732 2566 800 2629 quid·

46 2633 49 2639 '
130 2639 176 2686 que
192 2623 246 2681 teu
265 2634 287 2673 et
302 2626 472 2688 tautummodo,
483 2628 533 2676 lieri
547 2645 582 2689 ea,
594 2646 646 2693 quae
662 2646 801 2704 conmemo-
