1852 2966
145 183 149 188 ’
242 167 707 234 DunEGfflUsmn.11.cnna
758 173 806 222 tet

141 299 204 360 cule,
215 309 239 348 et
252 301 296 361 ilii,
308 310 331 350 et
341 302 448 350 omnibus
457 301 620 366 municipibus,
632 302 688 350 duss
699 317 746 350 esse
755 315 809 350 cen-

142 379 182 412 seo
192 364 292 428 patriss3
310 381 381 413 unam
392 374 487 424 naturus,
499 367 593 420 alteram
604 367 714 414 civitatis:
731 376 759 414 nt
769 367 810 414 iile

143 427 211 486 Cato,
226 445 279 476 cum
295 438 353 478 esset
368 430 464 477 'lbrsctdi
480 439 555 489 natus,
570 430 595 494 in
611 431 691 494 populi
707 429 809 478 Romani

143 493 259 540 civitatem
270 501 386 556 susceptus
397 502 437 540 est.
461 495 552 558 Itaque,
563 510 617 542 cum
630 505 682 542 ortu
695 493 809 542 rumus-

143 571 190 604 uus
200 567 266 611 esset,
278 558 368 606 civitate
379 559 507 617 &manus
519 558 600 605 habuit
610 559 704 606 alteram
714 559 759 606 loci
769 575 810 620 pa-

143 619 223 681 triam,
243 622 337 670 aiteram
354 622 419 682 juris.
447 623 483 669 Ut
501 623 569 670 vestri
587 623 669 682 Attici,
686 631 809 686 postquam

144 685 250 732 Theseus
264 701 302 734 eos
316 686 443 748 demigrare
459 701 487 734 ex
503 686 572 748 agris,
587 694 610 733 et
623 686 648 732 in
662 687 733 743 Astu,
747 685 810 750 quod

143 749 411 862 ἝἝἝᾸἝἝ
426 749 811 876 ἝἝωΞἝξωἝἝἝἝ

351 847 359 869 9
792 846 809 871 ⁵,

144 877 188 922 ubi
199 877 256 935 nati,
267 886 290 924 et
302 877 375 936 illam,
387 877 435 940 qud
449 877 537 940 excepti
550 894 637 925 sumus
662 877 707 925 Sed
722 893 811 926 necesse
910 927 920 938 ,

144 948 189 999 est,
200 940 292 988 caritate
302 956 353 988 eam
363 950 478 1004 prestere,
489 942 513 989 in
525 941 573 1006 quit
585 941 716 1005 reipublice
725 956 810 990 nomen

145 1012 171 1052 et
181 1003 292 1051 universe
306 1005 402 1052 civitatis
417 1014 466 1062 est3
483 1021 525 1069 pro
539 1005 585 1070 qui
598 1007 665 1063 mori,
682 1014 704 1053 et
718 1007 756 1054 cui
770 1021 812 1054 nos

145 1075 206 1115 totos
216 1067 304 1126 dedere,
316 1078 339 1115 et
348 1069 372 1116 in
384 1069 432 1132 qui
442 1078 518 1117 nostra
528 1071 605 1117 omnia
615 1082 707 1133 ponere,
716 1079 738 1118 et
746 1069 812 1135 quasi

144 1147 283 1190 consecrare,
292 1133 408 1181 debemus.
426 1133 508 1180 Dulcis
518 1143 595 1182 autem
605 1149 652 1182 non
663 1135 738 1182 multo
748 1149 812 1182 secus

145 1205 182 1244 est
197 1211 223 1242 ea
238 1211 290 1259 quse
304 1197 392 1259 genuit,
403 1213 474 1261 quam
489 1197 530 1244 ills
543 1213 595 1260 que
610 1197 705 1260 excspit.
728 1199 812 1260 Itaque

145 1275 190 1321 ego
200 1259 260 1307 hanc
270 1276 346 1308 meam
361 1277 409 1309 esse
422 1261 521 1324 patriam
535 1277 626 1323 prorsus
639 1275 759 1334 nunquam
772 1276 813 1308 ne-

145 1325 216 1386 gabo,
227 1323 284 1372 dum
295 1324 336 1372 iila
346 1325 375 1373 sit
385 1327 468 1386 major,
479 1333 502 1372 et
512 1323 561 1371 haec
570 1325 595 1371 in
606 1324 632 1371 ὠ
643 1332 791 1371 mutruestur.

180 1387 230 1436 111.
254 1389 356 1436 Atticus.
377 1389 448 1436 Recte
464 1388 535 1450 igitur
552 1388 656 1449 Magnus
670 1388 710 1434 ille
728 1395 813 1450 noster,

145 1467 185 1498 me
195 1451 310 1510 audiente,
319 1453 395 1515 posuit
403 1453 427 1500 in
436 1451 531 1512 judicio,
541 1466 644 1514 cumpro
652 1451 727 1498 Balbo
736 1459 813 1498 tecum

147 1515 218 1564 simul
229 1515 320 1570 diceret,
331 1516 496 1580 rempublicam
505 1523 605 1564 nostram
614 1512 750 1575 justissimas
760 1513 814 1562 huic

147 1579 275 1642 municipio
289 1581 372 1642 gratiss
387 1597 453 1642 agere
466 1595 540 1643 posse,
554 1579 616 1642 quod
631 1595 660 1626 er
676 1594 703 1627 eo
717 1578 764 1625 duo
778 1579 814 1626 sui

147 1653 313 1691 conservatores
333 1645 484 1692 exstitissent:
511 1652 537 1691 ut
556 1644 605 1704 jam
626 1643 703 1690 videar
721 1643 813 1703 adduci,

147 1705 319 1770 huncquoque,
331 1724 383 1772 qure
394 1717 417 1756 te
427 1708 559 1771 procreavit,
571 1724 618 1756 esse
632 1709 729 1770 patriam
741 1716 813 1755 tuam.

151 1771 260 1827 Qstiotus.
273 1771 318 1819 Sed
329 1781 425 1820 ventum
435 1773 460 1820 in
470 1773 570 1820 inmlun
579 1781 619 1820 est.
635 1771 688 1820 Hes
695 1787 748 1820 vero
756 1772 814 1819 nihil

149 1845 183 1884 est
194 1836 312 1884 amonius
335 1836 429 1884 Etenim
444 1837 487 1884 hoc
502 1836 568 1900 quasi
582 1845 654 1884 rostro
668 1835 763 1884 finditur
774 1836 815 1883 Fi-

148 1901 242 1958 breuius,
260 1909 283 1947 et
299 1898 385 1948 divisus
402 1902 519 1964 equaliter
536 1901 561 1947 in
579 1897 636 1948 dues
653 1909 728 1964 partes
744 1901 815 1948 luten
919 1973 920 1980 ἵ

149 1963 198 2010 haee
209 1963 284 2023 alluit,
295 1964 418 2027 rapideque
428 1965 529 2028 dilapsus
539 1965 584 2012 cito
594 1965 619 2012 in
630 1979 704 2012 unum
712 1963 814 2022 confluit,

150 2037 172 2074 et
188 2036 280 2075 tantum
294 2029 459 2090 complectitur,
474 2028 537 2092 quod
553 2029 606 2075 satis
622 2028 652 2076 sit
665 2027 760 2075 modice
774 2042 816 2090 pe-

116 2133 124 2140 .
149 2091 238 2148 lettre,
249 2091 301 2138 loci.
319 2093 374 2151 Quo
384 2093 471 2152 effecto,
483 2101 602 2155 tamquam
613 2091 637 2138 id
647 2091 751 2139 habuerit
761 2105 815 2152 ope-

149 2155 181 2202 ris
191 2171 218 2202 ac
228 2155 338 2213 muneris,
349 2165 377 2203 ut
387 2156 446 2204 hanc
456 2156 521 2204 nobis
536 2155 633 2204 efficeret
642 2155 719 2202 sedem
729 2153 759 2199 sd
770 2153 816 2202 dis-

149 2218 289 2329 putandum,
301 2219 378 2267 stetim
388 2220 514 2283 precipitat
526 2220 551 2267 in
561 2219 656 2273 Literna
673 2226 704 2276 et,
716 2217 781 2280 quasi
791 2219 816 2265 in

160 2282 263 2330 emiliam
274 2282 392 2346 patriciam
403 2284 496 2345 venerit,
508 2284 593 2332 amittit
600 2296 683 2330 nomen
690 2282 815 2342 obscurius,

150 2347 276 2410 Liremque
290 2348 365 2395 multo
377 2348 508 2410 gelidiorem
522 2348 590 2396 sscitr
609 2361 651 2394 nec
666 2347 817 2394 enim'ullum

150 2409 194 2458 hoc
201 2409 306 2474 frigidius
314 2411 400 2459 fiumen
410 2413 483 2474 attigi,
495 2427 548 2460 cum
559 2411 588 2459 ad
595 2412 670 2458 multe
677 2410 816 2467 accesserim,

150 2483 178 2521 ut
188 2475 294 2538 vixpede
305 2483 391 2523 tentare
400 2475 425 2523 id
435 2476 536 2539 possim
566 2475 644 2523 uodin
655 2474 753 2521 Phaedro
761 2471 817 2519 Pls-

151 2538 212 2586 tonis
222 2539 277 2586 t'acit
287 2540 396 2588 Socrates.
429 2541 537 2587 Marcus.
575 2548 596 2587 st
606 2555 658 2588 vero
669 2539 715 2586 ita:
732 2535 771 2582 sed
781 2543 816 2581 te·

145 2602 266 2660 ¹rnenhuic
274 2604 408 2661 sinceritati,
420 2602 516 2667 [quam]
525 2619 553 2651 ex
568 2603 657 2663 Quinto
664 2616 724 2662 saepe
737 2596 815 2656 sudio,

148 2665 266 2731 ,Thyamis
276 2667 382 2741 Epimtes
391 2677 444 2718 tuus
451 2668 491 2718 iile
498 2667 556 2734 niitil
566 2667 667 2734 (opinor)
676 2660 816 2718 commit-
