1864 2958
130 145 133 158 '
150 145 199 193 824
234 140 282 192 ΒΕ
297 139 455 202 Officiis,
473 139 596 190 lira-111.
613 137 728 190 cinna

148 349 201 382 cum
208 336 310 384 Romam
320 335 426 394 venisset,
440 334 544 382 utilitatis
555 347 652 396 specim
760 349 769 390 ς

147 414 207 456 eam,
216 408 243 447 ut
251 415 286 448 res
293 399 401 459 declarat,
409 398 491 446 falsam
497 397 621 457 judicavit:
634 412 686 460 qute
694 404 743 443 erat
751 393 817 444 talist

146 477 240 511 manem
253 463 279 511 in
293 463 376 527 patris,
391 478 438 510 esse
453 461 517 510 domi
531 477 578 509 suis
592 475 646 509 cum
663 475 744 520 uxore,
761 475 817 508 cum

146 526 239 584 liberist
256 543 328 591 quam
338 526 491 576 calmnitatm
501 525 621 588 accepisset
631 525 656 571 in
666 523 737 582 bello,
752 539 817 572 com-

146 605 243 646 munem
252 592 350 640 mmmm
357 591 444 639 bellice
447 589 599 664 judicantem,
608 598 685 636 tenere
692 587 820 663 consularis

146 654 387 783 essenii
397 651 747 780 sm,
760 652 819 715 u

187 784 299 833 XXVII.
326 784 394 832 Num
412 782 569 844 locupletiores
590 795 673 844 quatis
691 783 818 832 auctores?

127 858 130 866 “
147 844 606 920 Hammoninestrirtutumproprium‚
617 844 817 905 nilextimesoere,

146 912 225 960 onmia
241 912 344 958 humana
359 909 488 972 despiteret
504 909 571 966 nihil,
589 907 652 972 quod
670 907 761 956 homini
778 924 818 956 ac·

145 974 219 1024 cidere
232 973 310 1038 possit,
323 972 493 1022 intolerandum
503 981 591 1036 putare.
619 973 703 1036 Itaque
713 971 771 1036 quid
782 973 817 1022 fe-

145 1037 196 1086 dt?
212 1039 242 1086 In
253 1047 357 1086 senatum
368 1037 445 1085 venite
462 1035 572 1096 mandata
586 1037 705 1112 exposuit:
723 1045 817 1085 senten.

145 1097 202 1150 tiam
220 1117 250 1150 ne
268 1097 360 1161 dioeret,
382 1099 508 1150 recusavitr
532 1101 643 1163 quamdiu
662 1101 816 1162 jurejurando

144 1165 245 1214 hostium
261 1173 383 1225 teneretur,
403 1179 449 1214 non
466 1181 514 1214 esse
532 1180 556 1212 se
571 1173 705 1213 senatorem.
730 1164 816 1228 Atque

145 1229 205 1278 ilhid
215 1231 294 1286 etimn,
311 1233 335 1283 (o
345 1230 442 1278 stultum
453 1225 579 1288 hominem,
594 1223 678 1290 dixerit
688 1228 816 1304 quispiam,

145 1303 169 1342 et
183 1303 349 1358 repugnantem
363 1294 457 1342 utilitati
471 1291 549 1349 sual)
564 1291 628 1340 reddi
645 1302 755 1356 captivos,
774 1308 817 1341 ne-

144 1359 207 1422 gavit
217 1375 265 1408 esse
272 1353 332 1406 utile*
336 1376 343 1406 t
354 1357 406 1406 illos
414 1353 475 1406 enim
483 1352 635 1405 adolescentes
642 1372 698 1416 me,
710 1367 734 1404 et
741 1358 817 1405 bonos
831 1353 835 1372 ⁴

145 1423 221 1480 duces,
233 1425 314 1485 sejam
329 1423 587 1484 oonfectumsenectute.
615 1421 689 1482 Cujus
702 1436 757 1468 cum
772 1437 814 1470 va-

144 1487 222 1536 luisset
234 1485 365 1546 auctoritas,
380 1487 463 1550 captivi
477 1477 559 1534 retenti
569 1493 637 1532 sunt:
654 1484 703 1548 ipse
714 1485 815 1533 Cartba-

143 1552 222 1612 ginem
230 1552 312 1606 rediit;
329 1565 404 1613 neque
414 1565 467 1598 eum
478 1547 558 1597 caritas
568 1548 647 1612 paniae
658 1548 760 1607 retinuit,
770 1565 815 1598 nec

144 1629 245 1662 suorum·
271 1615 353 1676 Neque
364 1629 417 1661 vero
427 1624 478 1662 turn
489 1613 616 1676 ignorabat,
628 1629 652 1660 se
662 1611 693 1660 ad
702 1612 814 1661 crudelis-

144 1678 229 1724 siinum
239 1678 336 1736 hostem,
352 1685 375 1724 et
385 1677 415 1724 ad
425 1677 539 1740 exquisita
549 1674 668 1740 supplicia,
684 1676 812 1740 proficiatis

143 1741 182 1788 sed
187 1740 348 1801 jusjurandum
357 1741 536 1788 conservandum
542 1741 645 1804 putabat.
658 1740 742 1804 Itaque
750 1750 811 1801 nrm,

141 1818 196 1851 oum
204 1803 319 1866 vigilando
326 1806 458 1862 necabatur,
467 1805 544 1852 eratin
552 1805 646 1854 meliore
654 1805 730 1863 causi,
738 1821 812 1869 quam

142 1866 162 1914 si
175 1867 238 1916 domi
249 1882 317 1914 senex
329 1869 439 1930 captivus,
455 1865 560 1931 perjurus
574 1869 706 1925 consularis,
718 1884 810 1916 reman-

141 1931 211 1980 sisset.
235 1931 271 1979 At
285 1933 361 1992 stulte,
377 1931 418 1995 qui
432 1947 478 1979 non
489 1930 559 1979 modo
568 1947 614 1980 uon
630 1933 742 1980 censuerit
756 1949 783 1981 ea

140 1995 199 2044 tivos
207 1996 361 2055 remittendos,
368 2011 448 2044 verum
455 1997 523 2044 etiam
531 1996 665 2044 dissuaserit.
683 1997 763 2056 Quom
794 2013 810 2045 o

141 2061 229 2110 ebilte?
245 2059 352 2118 etiamne,
368 2059 387 2108 ei
401 2057 531 2124 reipublice
545 2060 703 2108 conducebat?
730 2061 810 2110 Potest

139 2133 226 2186 autem,
241 2124 303 2188 qnod
317 2124 399 2173 inutile
412 2124 542 2189 reipublice
557 2125 594 2183 sit,
608 2125 633 2172 id
643 2125 753 2189 cuiquam
764 2125 811 2174 eiii

64 2184 66 2190 ’
140 2187 274 2237 utileesse?

171 2252 297 2301 XXVIII.
315 2253 450 2302 Pervertunt
459 2247 563 2301 homiues
573 2268 608 2312 ea,
623 2269 677 2317 quie
686 2263 742 2302 suut
751 2253 807 2302 fiin-

140 2315 247 2364 damenta
257 2325 351 2370 natura,
364 2332 417 2366 cum
428 2315 550 2380 utilitatem
562 2319 591 2365 ab
602 2317 719 2366 honestate
730 2320 809 2380 sejun-

138 2387 204 2441 gunt
221 2380 310 2428 Omnes
318 2381 379 2428 enirn
387 2381 515 2455 expetimus
525 2381 656 2440 utilitatem,
668 2379 699 2428 ad
708 2397 808 2446 eamque

135 2442 254 2506 rapimurt
266 2459 307 2491 nec
315 2445 387 2492 faoere
392 2445 457 2492 ahter
468 2445 516 2492 ullo
524 2443 593 2493 ruodo
600 2459 737 2506 possumus:
749 2461 806 2494 nain

136 2506 188 2568 quia
204 2515 246 2563 est,
264 2507 305 2581 qui
319 2505 386 2554 utilia
399 2507 492 2570 tigint
509 2517 550 2555 aut
564 2507 616 2571 quis
629 2509 714 2571 potius,
726 2509 807 2573 quiea
901 2511 906 2520 '

134 2582 182 2616 non
196 2569 358 2645 studiosissime
364 2573 535 2683 persequatur?
552 2571 606 2631 Sed,
615 2572 678 2635 qnia
687 2587 805 2648 nusquam

134 2646 264 2696 mosomus,
275 2647 320 2682 nist
329 2647 354 2682 ui
387 2634 441 2697 ude,
452 2635 541 2697 decore,
552 2632 678 2698 honerate,
690 2637 757 2686 utilia
768 2653 804 2686 re.
