1856 2952
315 171 540 226 muniuntur.
552 179 577 226 e.
733 145 798 244 tor

115 305 186 380 etque
200 303 341 354 irumutebili
351 304 475 352 eternitate
484 305 619 354 continetur.
635 304 675 354 Ex
689 320 737 370 quo
747 305 782 354 et'.

12 405 14 416 .
116 367 200 430 flattu,
211 379 238 417 ut
252 370 281 418 sit
295 383 392 428 necesse,
401 368 477 428 bunc,
493 385 563 432 quem
577 369 698 431 cernimus,
711 385 781 446 mun-

115 431 183 492 dum,
205 433 354 481 simulacrum
379 441 490 480 oeternum
508 449 555 481 esre
574 433 672 494 elicujus
693 443 780 482 aeternr.

116 493 288 545 Difficillimum
305 505 383 545 mrtem
398 505 440 554 est,
454 497 480 544 in
493 497 558 544 omni
570 512 612 545 con
628 497 733 546 uisitlom
746 514 784 546 re·

115 559 192 636 tionis²
206 561 334 637 exordium
357 560 396 608 De
412 561 440 608 iis
453 561 532 624 igitur,
544 577 596 626 quae
627 561 632 572 ’
652 561 657 572 “
684 578 720 621 us,
731 563 781 610 blec

116 625 442 738 mlplrllndndldffne'ddmtlone
455 704 509 736 curn
522 689 551 737 iis
564 689 641 748 rebus,
656 687 685 737 de
699 689 783 752 quibus

118 753 288 816 explicandum,
304 753 393 802 videtur
407 769 454 801 esse
464 753 569 816 cognitio.
595 753 678 816 Itaque
690 768 744 801 cum
754 753 784 802 de

117 831 144 864 re
158 817 236 866 stabili
250 827 273 866 et
289 817 429 866 immutabili
446 818 584 880 disputatur,
594 817 665 866 oratic
679 817 731 865 tolie
746 818 783 878 eit,

117 879 192 944 qualis
206 882 237 930 sit
250 882 299 943 ille,
310 897 363 946 quae
378 896 454 946 noque
469 882 576 944 redargui
592 896 667 945 neque
681 881 785 930 convinci

73 979 74 984 ,
116 954 197 1008 potest
223 946 285 994 Cum
303 955 380 995 eutem
397 946 498 1009 ingresse
513 955 547 994 eet
563 946 653 993 imitate
669 954 692 994 et
710 946 784 996 efficta

116 1007 246 1070 obnubere,
257 1011 315 1059 bene
325 1011 364 1074 egi
373 1019 448 1074 putet,
460 1010 659 1058 sisimilitudinem
670 1011 718 1059 veri
728 1026 783 1058 con-

116 1084 231 1136 sequetur.
255 1075 377 1134 Quantum
394 1075 464 1133 enirn,
480 1074 510 1122 ed
526 1074 551 1122 id
569 1074 632 1139 quod
648 1083 725 1124 ortum
740 1083 783 1136 est,

116 1139 230 1186 aeoernites
237 1140 306 1197 velet,
318 1147 409 1186 tuntum
423 1139 453 1186 ud
468 1138 538 1186 fidem
554 1139 642 1187 veritus.
659 1139 782 1201 Quocirca,

116 1201 137 1248 si
154 1202 212 1250 forte
226 1201 256 1250 de
269 1203 374 1250 Deorum
391 1203 482 1261 moturi,
498 1213 596 1266 ortuque
611 1203 701 1263 mundi,
713 1203 792 1254 disee.

117 1274 200 1326 rentes,
209 1267 287 1314 minus
297 1267 330 1325 id,
341 1267 404 1330 quod
414 1281 516 1326 evenus,
525 1267 602 1314 animo
613 1267 782 1330 consequimur,

117 1337 145 1376 ut
154 1337 203 1377 tote
212 1329 311 1379 dilucide
322 1338 345 1378 et
353 1332 422 1394 plone
433 1339 542 1378 exornate
551 1331 623 1378 oratio
633 1331 677 1378 sibi
687 1340 782 1391 constet,

117 1400 140 1440 ct
151 1408 180 1440 ex
190 1394 254 1440 omni
264 1402 328 1458 perte
338 1409 416 1442 secum
426 1393 476 1457 ipse
486 1395 626 1452 consentiott
652 1394 715 1442 houd
729 1411 784 1444 sene

117 1457 161 1504 erit
170 1457 272 1515 nurum
290 1459 434 1522 contentique
442 1473 490 1506 esre
499 1457 617 1518 debebitis,
627 1457 646 1506 si
656 1459 784 1522 probabilia

116 1520 228 1570 dicentur.
254 1523 361 1586 AEquum
369 1531 409 1583 eet
424 1523 486 1570 enim
499 1521 638 1581 meminisse,
650 1531 672 1570 et
682 1538 729 1583 me,
740 1525 783 1588 qui

116 1583 234 1645 discerem,
245 1586 363 1635 hominem
374 1603 430 1645 esse,
442 1595 465 1635 et
474 1602 522 1646 ros,
531 1588 573 1650 qui
581 1587 702 1648 judicetis3
719 1589 783 1648 utel

116 1651 245 1726 probebilie
254 1651 366 1712 dicentum
377 1653 411 1700 nil
421 1652 483 1699 ultre
492 1648 618 1715 requiretis.
643 1651 783 1710 Queremue

114 1713 188 1778 igitur
198 1731 298 1776 oensem,
310 1733 363 1780 quoe
372 1731 427 1765 eum
437 1715 562 1780 imprderit,
577 1716 619 1780 qni
634 1715 683 1764 hec
696 1717 784 1766 mechi-

116 1787 185 1826 netus
195 1780 233 1840 sit,
248 1789 275 1828 ut
285 1781 397 1844 originem
407 1795 493 1840 rerum,
504 1788 528 1828 et
537 1781 679 1829 molitionem
689 1796 784 1843 nouem,

116 1853 236 1906 quereret.
252 1845 369 1894 Probitate
378 1845 483 1894 videlicet
491 1846 628 1908 praesmbotr
645 1848 731 1909 probus
741 1862 783 1894 eu-

117 1913 166 1954 tem
176 1907 263 1956 invidet
276 1908 370 1956 nemini.
395 1909 480 1972 Itaque
489 1909 567 1957 onmia
574 1909 610 1957 etri
620 1909 705 1958 similis
714 1925 784 1973 gene·

118 1970 183 2018 rovit.
192 1971 250 2020 Haec
256 1973 366 2020 nimirum
374 1973 484 2036 giguendi
489 1973 572 2020 mundi
578 1974 784 2034 csusejustisnimo.

119 2033 192 2093 Nem,
204 2050 257 2084 cum
266 2037 417 2085 constituisset
427 2036 493 2084 Deus
502 2037 568 2084 bonis
578 2037 685 2084 omnibus
693 2038 785 2100 explere

118 2099 243 2160 mnodum,
254 2101 311 2148 meli
321 2101 380 2149 nihil
392 2099 523 2159 admiscere,
534 2100 611 2164 qnoed
624 2109 707 2148 netum
719 2110 784 2165 pete·

117 2171 195 2221 setun
228 2163 326 2230 uidquid
335 2174 391 2225 eret,
402 2164 465 2229 qnod
479 2165 504 2212 in
519 2163 625 2212 cernendi
638 2179 731 2213 oensum
746 2181 784 2214 on-
837 2186 839 2192 ·

117 2227 188 2286 deret,
199 2179 228 2275 id
237 2229 280 2276 ribi
290 2230 405 2288 assumsit,
416 2244 463 2276 norr
473 2228 625 2293 tranquillum
635 2237 659 2277 et
656 2229 783 2341 ltspaletum,

117 2291 156 2340 sed
172 2292 321 2341 immoderate
338 2294 451 2357 agitedum
467 2301 491 2341 et
506 2293 635 2350 fluctuens;
658 2293 664 2304 '
681 2302 736 2358 que,
752 2309 783 2344 ex

116 2355 253 2416 inordinato,
265 2357 290 2405 in
300 2357 404 2406 ordinem
410 2357 524 2406 adduxit:
540 2357 585 2406 hoc
594 2357 656 2406 enim
665 2357 784 2420 judicobet
881 2361 884 2365 ’

117 2435 165 2468 esee
171 2421 323 2486 praesmrtius.
340 2423 386 2470 Fas
396 2431 522 2470 eutemnec
530 2431 563 2470 est
570 2436 723 2486 necunquam
728 2423 783 2484 finit,

116 2485 244 2550 quidquam
254 2487 299 2535 nisi
313 2487 494 2552 pulcherrimum
502 2486 577 2534 fecem
591 2501 654 2547 eum,
669 2487 711 2550 qui
725 2495 783 2535 esset

116 2549 224 2624 optimus.
246 2552 308 2600 Cum
321 2552 432 2608 rationem
442 2552 513 2616 igitur
522 2551 647 2610 habuisset,
657 2551 783 2614 reperiebat

115 2613 174 2664 nrhil
183 2629 231 2664 esee
241 2631 329 2677 eorum,
340 2632 394 2681 quae
403 2616 486 2665 numm
496 2624 648 2674 cernerentur,
659 2630 706 2664 nou
714 2614 782 2664 intel·

115 2675 196 2745 linens,
210 2681 361 2746 intelligente,
371 2682 396 2729 in
407 2690 455 2731 toto
465 2695 556 2746 genere,
566 2680 728 2746 prestantiores
745 2680 781 2728 in·
