1858 2946
36 222 38 227 Ι
141 150 174 198 38
206 147 253 198 llll
264 142 742 208 nivruAu10uu,mi.1.cii.ss.

143 276 208 326 Nam
218 285 242 326 et
251 276 406 325 Athenienses
419 275 527 325 omnibus
539 290 629 339 senper
641 274 741 340 publiu's
754 289 810 324 oon·

141 341 198 390 ulllls
207 341 296 390 (livinus
310 341 422 404 quosdam
436 340 560 389 Aaoertlotoe
573 343 643 403 (quos
658 348 753 394 Murrus
767 353 809 388 vo·

142 413 205 465 coiit)
224 406 395 462 adhibuerunts
420 412 444 452 et
462 403 631 453 Iiaoedaemonii
651 403 743 467 regibus
761 403 810 452 suis

142 485 254 532 augurem
264 485 398 518 assessorem
409 469 535 525 dederimt3
552 469 654 532 itemque
664 467 756 516 senibus
766 467 811 522 (sic

141 533 205 582 euim
215 534 337 582 consilium
347 533 468 597 publicum
478 541 492 581 's
584 540 604 592 tt
615 547 727 595 augurem
739 531 811 580 inter·

142 613 190 646 esse
200 598 336 646 voluerunts
351 598 476 662 iidemque,
503 599 593 645 erebus
603 597 737 657 majoribus,
748 611 810 644 sein·

141 671 235 774 pppdqut
244 661 343 726 Delphis
353 661 480 721 orandum,
492 669 533 709 aut
542 663 572 709 ub
583 661 724 719 Hammone,
740 667 781 708 sut
795 676 811 708 a

211 726 250 786 nii,
262 729 376 790 petebant.
399 725 520 790 Lycurgus
531 725 634 788 quidem,
644 723 686 788 qui
700 724 810 772 meede

141 791 273 839 moniorum
284 790 450 854 rempublicam
460 789 603 854 temperavit,
614 789 675 850 leges
688 804 740 836 suas
754 804 809 836 auc-

141 856 232 902 toritate
246 854 363 918 Apollinis
378 852 489 916 Delphici
503 853 660 902 confirmavitr
680 868 738 916 quas
753 867 808 908 eum

141 919 211 967 vellet
227 918 347 981 meander
363 925 512 977 commutare,
531 917 612 965 eidem
630 924 664 964 est
678 916 810 980 prohibitus

141 982 258 1045 religione.
275 982 356 1046 Atque
364 981 441 1041 etiem,
450 982 492 1045 qui
499 990 611 1045 praesrant
619 980 808 1040 Lieedismoniis,

141 1060 189 1094 non
204 1047 304 1094 contenti
320 1046 468 1108 vigilantibus
485 1045 553 1104 curis,
568 1045 593 1093 in
608 1045 728 1108 Pasiphaae
743 1045 807 1104 fauo,

141 1110 206 1174 quod
222 1119 256 1158 est
272 1109 298 1158 in
314 1125 370 1173 egro
386 1118 479 1173 propter
492 1111 583 1170 urbem,
598 1109 726 1157 somniandi
740 1111 810 1157 cousi

140 1177 295 1233 excubabant,
306 1175 362 1238 quis
371 1189 424 1222 vera
435 1174 517 1238 quietis
527 1174 619 1222 oracula
629 1173 750 1221 ducebant.

174 1239 216 1286 Ad
227 1247 303 1287 nostra
311 1239 361 1300 jam
371 1237 445 1286 redeo.
462 1237 559 1297 Quoties
569 1246 660 1288 senatus
669 1237 808 1286 decemviros

142 1301 173 1350 ad
190 1303 261 1352 libros
278 1303 312 1352 ire
327 1302 410 1364 jussit!
433 1301 536 1366 [quantia
553 1303 578 1350 in
595 1305 671 1361 rebus,
689 1317 808 1365 quamque

142 1382 211 1432 sirpe,
226 1367 339 1432 responsis
353 1367 500 1430 haruspicum
514 1367 619 1431 paruiti]
637 1367 701 1414 Nem
716 1375 739 1414 et
753 1381 809 1415 cum

142 1431 243 1482 duouisi
254 1433 312 1481 soles
321 1439 403 1491 esseut,
414 1432 635 1492 etcumtreslume‚
647 1431 808 1490 etcumfeoes,

142 1497 497 1556 eteumsoluoetevisusesset,
512 1495 809 1544 etcumecoelofremitus

142 1561 243 1620 auditus,
255 1569 278 1608 et
292 1575 345 1608 uim
359 1561 443 1608 coelum
457 1557 582 1606 discessisse
595 1559 671 1607 visum
685 1568 727 1618 est,
738 1568 809 1625 etque

140 1623 167 1670 iii
180 1639 207 1671 so
220 1623 371 1671 animadversi
385 1623 455 1684 globi
476 1622 562 1670 Deleta
574 1623 643 1670 etiam
657 1622 687 1670 ad
702 1632 808 1672 senatum

140 1687 205 1734 labes
215 1687 265 1748 egri
275 1686 422 1744 Privernatis,
433 1701 487 1733 cum
497 1686 527 1733 ad
537 1686 651 1735 infinitam
662 1686 809 1738 altitudinem

140 1757 201 1798 terra
214 1750 343 1810 desedisset,
356 1749 491 1812 Apuliaque
504 1750 613 1799 maximis
627 1760 692 1799 terrie
705 1753 807 1800 motibus

140 1941 242 1990 banturi
261 1943 333 2007 inque
368 1942 374 1952 '
403 1957 418 1989 o
458 1943 518 2002 ibus,
536 1958 644 2007 responsa
658 1944 808 2008 haruspicum

140 2020 193 2054 cum
205 2007 301 2070 Sibyllin
311 2007 411 2054 versibus
421 2009 582 2070 congmebanu

172 2069 247 2130 Quid,
258 2086 312 2119 cum
327 2070 407 2119 Cumis
420 2071 508 2134 Apollo
518 2071 616 2130 sudavit,
628 2071 715 2136 Gapuae
725 2071 807 2121 Victo·

140 2134 193 2182 ria?
209 2134 265 2198 quid
277 2144 340 2183 ortus
353 2135 499 2198 androgyni?
515 2151 591 2184 norme
604 2136 674 2183 fatale
688 2136 807 2200 quoddam

140 2208 269 2246 monstrum
280 2199 341 2246 ibit?
358 2198 432 2258 Quid,
439 2199 688 2262 quodfluviusstratus
695 2201 808 2262 sanguine

140 2262 225 2311 fluxit?
239 2263 312 2323 Quid,
321 2278 375 2311 cmii
386 2278 445 2326 sape
452 2263 565 2326 lepidum,
574 2262 692 2325 sanguinis
699 2277 807 2312 nonnun.

96 2353 103 2364 ·
140 2341 222 2437 quim,
232 2335 298 2376 terrm
308 2327 433 2387 interdum,
442 2327 559 2391 quondam
570 2326 640 2374 etiem
649 2326 723 2386 lactis,
731 2326 808 2375 imber

157 2391 256 2440 elinxit?
273 2391 347 2451 Quid,
358 2406 412 2438 cuin
422 2391 447 2439 'ui
458 2390 571 2453 Capitolio
583 2390 642 2438 ictus
653 2389 782 2438 Centaurus
793 2407 808 2439 e

141 2457 198 2504 cislo
207 2459 260 2504 est?
276 2456 301 2503 in
311 2455 429 2504 Aventino
440 2463 513 2518 portis
526 2464 549 2502 et
562 2455 685 2503 homines?
708 2453 808 2510 Tusculi

919 141 922 168 l

921 169 922 186 i

141 2519 201 2568 redes
211 2520 310 2570 Castoris
320 2528 343 2568 et
351 2519 460 2579 Pollucis,
469 2519 597 2583 memeque
605 2518 714 2567 Pietatis?
728 2532 807 2568 nonne
908 2523 922 2537 ”“

141 2583 807 2699 suquemwsmeenwsss

141 2649 247 2714 sibylla
263 2648 675 2716 biaeodemrepeitepredienenes
685 2651 758 2700 nint?
786 2683 790 2692 .
