1856 2952
83 160 135 208 tau
256 198 259 206 .
281 155 431 206 TllllAEUS·
449 157 514 205 Cer.
531 159 554 205 o.

86 301 166 336 aeneus
183 285 237 334 cieri
253 293 327 349 potest
337 303 344 332 ι
361 285 422 333 orbis
432 285 495 333 illius
508 285 598 349 generis
608 285 707 334 alterius
718 286 766 334 im·

86 359 189 398 mutatus
200 359 224 398 et
234 359 308 398 rectus
316 351 394 396 omnia
403 351 481 397 animo
488 351 607 413 mentique
619 350 763 398 denuntiat:

87 424 138 462 ιιιιιι
157 414 275 477 opiniones
291 415 473 476 assensionesque
490 415 563 462 firmae
585 430 693 476 veraeque
710 416 764 478 gig.

87 487 183 527 nuntur.
201 479 263 527 Cum
281 487 358 525 autem
377 479 463 526 inillis
481 481 549 526 rebus
568 479 674 536 vertitur,
697 496 762 542 quse,

87 551 206 591 manentes
219 557 308 606 semper
320 542 413 598 eedem,
425 557 471 588 non
486 557 563 601 sensu,
574 543 614 588 sed
625 543 763 606 intelligen-

87 607 129 665 eit,
148 608 308 661 continentum
325 615 374 653 tum
392 606 542 670 intelligentia
559 607 703 670 scientiaque
720 623 763 655 ne-

87 672 183 721 cessum
193 671 321 720 efficitur.'
340 671 353 698 ¹
371 671 384 698 ¹

326 762 418 807 Desunt
428 762 508 806 multa.

123 866 168 916 IX.
186 868 284 916 Ratione
294 866 365 928 igitur
376 875 399 913 et
411 874 488 914 mente
504 865 591 925 divinis,
602 865 632 913 sd
643 865 764 928 originem

89 933 206 994 temporis,
216 931 368 978 curriculum'
361 940 480 978 inventum
490 939 522 978 est
531 930 584 977 solis
596 939 618 977 et
628 931 702 980 lunae.
715 931 729 957 ³
747 932 763 956 ¹

90 997 104 1024 '
117 997 130 1024 ¹
142 997 242 1058 Corpora
252 1003 329 1042 autem
340 1009 419 1041 eorum
430 995 635 1056 singulorumcum
647 995 767 1042 effecisset

89 1059 165 1117 Deus,
177 1075 204 1106 ea
220 1059 248 1106 ad
260 1074 297 1106 ess
313 1057 468 1105 conversiones
480 1059 605 1116 collocavit,
622 1074 681 1121 quas
701 1060 765 1106 alte-

30 1175 39 1189 ,
88 1124 136 1170 rius
155 1122 261 1171 circuitus
280 1122 420 1196 conficiebat,
440 1137 493 1185 quae
509 1131 562 1169 sunt
578 1132 674 1186 septem,
694 1132 767 1170 utet

88 1185 320 1251 illaseptem.1ts
300 1201 346 1234 vim
363 1201 429 1233 suem
444 1195 526 1234 nature
540 1187 658 1260 converu'n
673 1196 705 1233 ut
716 1196 767 1235 ter-

88 1267 139 1299 rem
154 1253 228 1300 lunae'
231 1267 309 1300 cursus
319 1250 423 1314 proxime
437 1250 573 1325 ambiret,
554 1265 621 1313 esque
630 1265 705 1314 supra
717 1260 767 1300 ter·

89 1331 140 1365 ram
150 1318 257 1380 proxima
271 1316 323 1364 solis
334 1315 492 1362 circumvectio
506 1323 569 1362 esset.
587 1315 681 1362 Lucifer
692 1315 765 1362 dein-

91 1380 128 1439 de,
141 1390 163 1430 et
179 1390 256 1429 sareu
273 1379 383 1428 Mercurii
398 1379 471 1437 stella,
490 1394 583 1426 cursum
600 1379 686 1426 habent
704 1380 763 1428 solia

90 1445 199 1493 celeritati
209 1460 296 1520 parem,
307 1443 375 1492 sed
354 1459 400 1490 vnn
408 1443 533 1506 quamdam
544 1443 700 1490 contrariam:
721 1445 762 1492 eir-

89 1526 137 1572 que
147 1510 299 1566 conversione,
308 1523 378 1570 quam
387 1508 445 1554 inter
453 1523 477 1554 se
485 1507 590 1554 hebentl
592 1507 680 1581 ucifen
690 1508 762 1556 Mer-

91 1574 176 1632 curius,
188 1574 236 1632 Sol,
248 1573 287 1620 alii
297 1573 353 1618 alios
362 1571 463 1628 vincunt,
473 1567 616 1633 vicissimque
623 1571 760 1620 vincuntur.

90 1637 244 1700 Reliquorum
258 1636 358 1682 siderum
377 1651 430 1698 quae
447 1651 514 1682 eausa
532 1635 655 1682 collocandi
675 1636 758 1696 fuerit,

122 1717 187 1764 reque
205 1715 285 1748 eorum
304 1699 333 1746 sit
348 1699 516 1758 collocatio,in
492 1714 663 1748 msermonem
681 1701 759 1748 alium

89 1717 241 1811 ilillferendum
251 1773 301 1820 est;
319 1778 356 1821 ne,
371 1763 396 1809 in
407 1779 433 1810 eo
449 1763 512 1838 quoti
522 1763 682 1824 attingendum
699 1765 757 1825 fuit,

88 1843 159 1890 quam
169 1829 193 1874 in
205 1844 231 1876 eo
247 1829 313 1888 cujus
329 1843 395 1874 causa
383 1825 429 1874 id
445 1827 572 1890 attigimus,
582 1827 673 1890 longior
682 1844 758 1891 pons-

89 1901 127 1939 tur
134 1893 213 1940 oratio
230 1891 345 1951 Quando
338 1892 409 1954 igitur
416 1891 598 1955 unumquodque
605 1908 685 1940 eorum
694 1893 756 1940 side

87 1971 141 2004 rum
158 1973 250 2005 cursum
267 1956 374 2004 decorum
392 1965 426 2004 est
441 1956 559 2019 adeptum,
575 1957 687 2019 equibus
705 1966 757 2005 eret

87 2030 165 2069 motus
180 2022 288 2086 temporis
303 2021 485 2083 consignandum
502 2020 658 2095 colligarisque
675 2037 756 2084 corpo·

88 2085 151 2134 ribus
162 2087 258 2135 vinculis
268 2085 414 2142 animalibus,
423 2094 473 2132 tum
485 2085 611 2132 animantis
620 2095 670 2133 orta
680 2095 753 2143 sunt3

87 2164 160 2212 esque
169 2151 265 2214 imperio
279 2165 357 2213 parere
368 2149 511 2204 ἀιάιιιιιιιιις
532 2160 596 2208 tunc,
614 2164 643 2196 ex
659 2151 753 2199 alterius

87 2222 176 2262 naturae
192 2216 292 2263 motione
302 2214 436 2288 transversis,
448 2213 472 2260 in
483 2213 586 2273 ejusdem
603 2222 691 2260 naturae
700 2229 753 2262 rno-

85 2283 136 2324 tum
147 2279 293 2336 incurrentia,
312 2278 336 2324 in
346 2293 418 2340 eoque
428 2277 537 2325 haerentia
553 2286 621 2340 atque
632 2277 751 2352 impedita,

85 2355 139 2388 curn
149 2343 195 2389 alia
210 2344 257 2403 maj
259 2357 320 2389 orem
331 2343 453 2388 lustrarent
468 2343 555 2400 orbem,
567 2342 612 2389 ulia
627 2341 749 2403 minorem,

65 2405 217 2480 tardiusque
237 2407 356 2466 majorem
378 2405 518 2468 celeriusque
538 2405 660 2463 minorem,
681 2415 748 2454 motu

83 2481 138 2515 vero
155 2470 223 2516 unius
242 2469 390 2530 ejusdemque
410 2477 514 2543 ιιιιιιιιιις
536 2484 589 2530 quse
609 2469 749 2522 velocissime

81 2533 240 2587 movebantur,
252 2548 278 2579 ea
288 2532 432 2579 celeritate'
410 2532 471 2579 vrnci
481 2549 495 2578 a
503 2532 647 2590 tardioribus,
656 2541 686 2588 et,
694 2549 749 2582 cum

80 2598 225 2654 superabunt,
241 2596 342 2657 superari
352 2596 494 2644 videbantur.
511 2596 596 2644 Omnia
612 2596 674 2642 enim
685 2597 747 2645 orbis

75 2668 154 2704 eorum
176 2659 242 2722 quusi
260 2659 338 2707 helicis
358 2659 480 2714 inflexione
503 2660 648 2716 vertebatuu
672 2675 743 2723 quam
