1858 2946
111 121 145 170 sc
176 117 714 188 onnsvmnmons,n1s.1.0nnso.

110 248 182 297 aciem
193 249 276 298 mentis
287 251 352 309 solet,
363 251 411 300 sive
421 251 484 300 dccet
494 259 583 300 naturae
593 251 722 316 quidpiam,
733 255 782 300 cive

112 313 215 362 abundet
230 322 299 377 atque
313 315 398 373 affluit)
412 315 454 363 ills
468 315 537 364 etism
548 317 615 364 tertis
625 325 690 380 parte
700 315 781 377 animi,

112 377 137 424 in
148 377 196 441 qui
205 379 292 425 irarum
304 380 392 427 exsistit
400 381 475 439 ardor,
487 381 565 428 sedetis
575 388 645 443 atque
659 381 782 437 restinctd3

112 449 164 488 tum
175 442 270 500 eveniet,
289 443 378 492 duabus
388 445 460 492 animi
471 445 596 493 temersnis
606 445 710 508 portibus
720 459 783 493 com·

17 545 22 556 .
111 507 202 568 pressis,
219 515 245 554 ut
256 507 296 554 ills
307 507 373 556 tertis
386 525 439 572 pars
449 509 543 557 rationis
554 518 577 556 et
586 509 671 556 mentis
685 509 781 568 eluceat,

111 577 134 616 ct
149 585 173 618 se
183 579 287 633 vegetem
301 573 331 620 sd
346 574 517 634 somniandum,
534 589 655 636 acremque
665 575 781 637 praebecte

112 641 163 680 tum
179 635 200 682 ei
215 635 263 682 viso
277 637 360 699 quictis
374 646 493 686 occurrent
503 637 628 702 tranquillo
637 645 708 702 atquc
718 653 782 686 vers-

112 697 172 744 cic.”
190 699 248 748 Haec
259 703 328 748 verbs
338 702 388 764 ipss
399 702 502 750 Platonis
513 702 620 765 expressi·

143 761 227 811 XXX.
244 765 374 828 Epicurum
384 766 456 828 igitur
469 766 589 814 audiemus
603 765 698 829 potius?
715 781 781 814 nam-

112 842 158 890 que
169 828 305 888 Carneades,
323 831 493 878 concertationis
506 830 590 890 studio,
607 830 676 878 modo
687 831 781 888 sithoc,

111 891 181 939 modo
191 892 257 939 illud.
279 893 316 941 At
325 893 365 940 ille
379 895 436 970 qm'd
447 895 533 943 sentit?
550 894 619 942 sentit
631 902 708 942 cutem
723 895 782 942 nihil

111 967 216 1018 unquam
231 957 331 1019 elegans,
347 958 407 1005 nihil
421 959 536 1006 decorum.
564 959 637 1006 Hunc
651 974 704 1021 ergo
718 970 783 1006 onte·

111 1033 183 1082 pones
194 1020 287 1068 Platoni
298 1029 321 1069 et
331 1023 437 1071 Socrati?
471 1024 504 1083 ui,
513 1032 541 1071 ut
550 1023 662 1070 rationem
674 1037 720 1070 non
731 1022 783 1070 red-

112 1083 199 1144 derent,
217 1085 349 1134 auctoritate
363 1095 442 1135 tamen
455 1039 500 1135 ‘dos
517 1087 619 1135 minutos
634 1087 783 1150 philosophos

111 1147 235 1196 vincerent.
252 1150 326 1198 Jubet
335 1151 406 1214 igitur
417 1151 493 1212 Plato,
511 1152 543 1199 sic
552 1151 583 1199 od
593 1167 701 1200 somnum
711 1151 781 1215 profi-

111 1210 164 1287 eieci
176 1213 310 1287 'corporibus
325 1215 419 1275 affectis,
433 1224 463 1276 nt
480 1215 539 1264 nihil
553 1215 591 1275 sit,
608 1216 671 1279 quod
683 1231 782 1263 errorem
884 1247 887 1252 ·

111 1289 194 1324 atomis
213 1280 455 1344 perturbationemque
471 1281 557 1329 afferat.
587 1279 627 1328 Ex
646 1294 692 1344 quo
712 1279 782 1328 etiam

112 1339 270 1405 Pythagoricis
283 1343 430 1394 interdictum
444 1353 546 1410 putatur,
563 1360 593 1393 ne
602 1344 658 1392 fabo
668 1337 783 1392 vesceren-

111 1411 159 1462 tm,
176 1406 241 1470 quod
248 1407 319 1457 habet
329 1409 471 1458 inflationem
482 1425 592 1474 magnam
602 1409 621 1456 is
633 1409 705 1469 esbus,
719 1417 782 1456 tran·

112 1469 223 1533 quillitati
233 1474 325 1535 mentis,
337 1475 459 1539 querentis
470 1491 530 1534 vers,
542 1472 685 1522 contionism.

144 1534 207 1582 Cum
218 1553 272 1599 ergo
287 1545 320 1585 est
334 1554 415 1586 somno
425 1546 541 1586 sevocatus
552 1537 642 1584 animus
653 1552 668 1583 c
678 1536 783 1585 societate

111 1605 135 1644 et
145 1601 302 1661 scontagione
309 1602 416 1664 corporis,
428 1610 479 1648 tum
490 1600 596 1648 meminit
605 1599 782 1663 pretentomm,

111 1662 232 1769 §omentis
242 1663 321 1722 cernit,
330 1665 409 1712 fliium
416 1665 531 1727 praevidet.
549 1664 567 1711 J
568 1671 617 1711 acet
627 1663 689 1710 enim
700 1677 783 1728 corpus

142 1724 254 1784 tinnientis,
265 1734 293 1772 ut
302 1728 404 1774 mortui:
416 1727 478 1791 viget
489 1735 567 1776 autem
577 1735 600 1776 et
610 1727 666 1775 tivit
674 1727 781 1777 animine
813 1777 818 1782 ,

112 1787 176 1849 quod
185 1788 261 1836 multo
271 1791 345 1852 magis
355 1791 423 1839 faciet
436 1800 489 1856 post
501 1800 608 1852 mosten,
622 1805 676 1839 cum
686 1792 782 1840 omnino

113 1865 208 1914 corpore
229 1854 361 1902 excessentc
379 1856 466 1919 itaque,
483 1855 595 1920 appropio
612 1863 682 1904 usntc
700 1865 783 1916 morte,

111 1915 187 1963 multo
195 1924 229 1963 est
239 1916 343 1965 divinior.
360 1918 387 1966 N
387 1934 425 1966 cm
436 1928 459 1967 et
466 1919 567 1984 idipsum
578 1873 664 1981 vident,
676 1920 717 1983 qui
728 1929 782 1968 sint

111 1981 193 2026 morbo
210 1982 275 2044 grsvi
293 1990 316 2030 ct
331 1983 448 2031 mortifero
467 1984 549 2043 affecti,
565 1985 650 2032 instare
664 1993 780 2032 mortemc

109 2040 189 2104 itaque
204 2043 241 2092 his
257 2055 379 2094 occurrunt
394 2048 485 2110 plerum
502 2064 531 2096 uc
550 2049 662 2112 imagines
679 2057 782 2096 mortuo·

112 2119 181 2153 mm:
198 2115 296 2172 tumque
314 2111 351 2158 vel
369 2112 472 2160 maxime
511 2113 553 2160 udi
571 2113 677 2160 studenti
698 2127 782 2176 cosque

112 2169 154 2231 qui
168 2186 240 2232 senis,
257 2189 329 2238 quam
340 2174 424 2235 decuit,
441 2177 557 2237 rinmunt,
573 2185 718 2241 pcccatorum
729 2190 782 2223 suc-

112 2247 166 2281 rum
176 2242 228 2284 tum
239 2239 341 2287 maxime
350 2240 452 2304 poenitet.

144 2297 255 2350 Divinare
273 2312 351 2352 sutem
369 2304 500 2364 morisim,
524 2304 593 2353 etism
612 2304 653 2351 illo
675 2302 782 2366 exemplo

112 2362 233 2414 confirmat
250 2365 395 2428 Posidonius,
412 2385 459 2433 quo
475 2369 549 2430 affert,
565 2363 686 2419 Rhodium
700 2381 782 2442 quem-

111 2424 167 2474 dom
184 2431 319 2479 morientem
334 2447 374 2482 sex
389 2435 487 2498 aequsles
501 2433 639 2493 nominasse,
655 2440 678 2480 et
688 2431 780 2492 dixisse,

112 2491 154 2553 qui
164 2493 253 2555 primus
264 2511 352 2557 eorum,
364 2498 405 2562 qui
416 2497 537 2558 secundus,
549 2498 590 2563 qui
602 2495 783 2560 [deinde1dein·

112 2571 166 2619 ceps
176 2559 301 2608 moriturus
315 2570 380 2610 essct.
405 2563 451 2611 Sed
465 2563 539 2612 tribus
548 2561 624 2612 modis
634 2569 709 2610 censet
718 2560 782 2610 Deo·

113 2633 167 2669 rum
177 2624 277 2689 apptdsu
291 2625 396 2676 homines
406 2627 533 2677 somniare:
551 2643 607 2694 uno,
623 2626 686 2693 quod
700 2625 783 2694 pravi·
846 2673 848 2680 ι
