1852 2966
187 139 235 193 nn
251 143 741 209 n1v1uuu10unn1u11omeo.
770 145 799 200 ol

128 274 242 324 edemus:
260 287 335 338 neque
345 277 388 324 hoc
398 277 498 326 alienum
514 279 601 326 ducunt
611 280 730 340 majestate
740 280 797 336 euius

130 338 189 386 nihil
200 347 234 386 est
246 339 308 386 enim
323 340 471 389 beneficentiis
484 343 628 408 prestantius
638 360 644 389 τ
653 341 736 406 'neque
751 358 797 391 non
889 379 893 396 ,

130 413 227 466 possunt
237 403 317 450 futuru
326 419 478 466 prenoscere:
496 422 541 456 non
552 407 622 469 igitur
633 407 674 454 Dii
685 415 746 463 sumt,
756 422 798 456 nec

130 467 334 530 signifieentnobis
344 469 436 517 finum:
454 480 591 519 sumentem
598 471 653 517 Dii:
670 471 798 533 significant

131 549 192 598 ergo.
210 535 243 582 Et
254 548 309 592 non,
321 533 340 580 si
351 534 478 596 significant
487 536 573 593 fotura,
582 535 657 580 nullm
668 535 723 581 dant
733 535 798 582 nobis

131 601 181 647 vias
190 599 221 645 ed
231 597 421 659 significationum
433 599 564 653 scientinm3
582 598 665 644 frustra
679 599 740 644 enim
752 599 798 660 sig-

49 693 61 711 .
132 663 267 710 nificarentt
286 676 368 724 neque,
385 662 405 709 si
419 662 476 710 dent
490 662 546 722 vies,
562 677 608 708 non
623 671 656 709 est
670 662 795 734 divinnsioe

131 736 166 774 est
176 726 247 790 igitur
258 725 373 772 divinatio.

141 817 143 822 ·
165 790 189 838 0
200 797 279 837 acutos
288 789 406 837 homines!
425 805 495 853 quem
505 790 584 853 paucis
594 790 667 837 verbis
680 789 797 852 negotium

129 855 263 903 eonfectum
279 854 379 916 putent!
401 853 439 901 Ee
453 863 548 902 sumunt
560 854 591 900 ‘ed
606 853 796 912 concludendum,

133 934 234 982 quorum
244 917 272 964 iis
282 917 340 964 nihil
350 919 486 965 conceditur.
510 918 630 966 Conclusio
641 926 718 964 autem
728 918 796 965 ratio-

133 983 169 1030 nis
180 998 207 1030 ee
217 982 335 1044 probanda
345 991 386 1038 est,
398 982 422 1028 in
433 981 487 1045 qud,
495 997 523 1030 ex
534 985 601 1030 rebus
611 997 657 1029 non
668 981 752 1041 dubiis,
763 981 796 1041 id,

133 1047 196 1112 quod
206 1046 332 1102 dubitauit,
344 1045 446 1093 efficituu.

137 1127 141 1134 ·
165 1110 195 1158 L.
212 1109 313 1157 Videsne
323 1109 460 1172 Epicurum,
476 1125 545 1174 quem
559 1110 664 1159 hebetem
679 1119 702 1157 et
715 1110 796 1158 nudem

131 1175 206 1222 dioere
215 1175 289 1221 solent
300 1173 377 1231 Stoici,
390 1175 592 1237 quemadmodum,
604 1173 667 1237 quod
679 1175 702 1220 in
714 1175 796 1222 naturis

130 1253 209 1288 rerum
220 1251 288 1284 omne
298 1252 345 1284 esse
355 1237 459 1296 dicimus,
468 1238 493 1285 id
500 1239 616 1285 infinitum
627 1253 673 1284 esse
681 1239 795 1285 concluse-

130 1300 180 1351 rit?
193 1301 265 1360 Quod
272 1301 412 1360 finitumest,
420 1302 504 1364 inqu'it,
513 1302 722 1348 habetextremum.
735 1301 795 1358 Quis

129 1367 174 1414 hoc
184 1381 231 1413 non
238 1365 343 1412 dederit?
360 1364 430 1423 Quod
440 1365 509 1412 hebet
516 1375 652 1423 extumum,
662 1364 685 1410 id
696 1365 795 1412 cernitur

131 1447 160 1480 ex
175 1431 221 1478 elio
232 1430 377 1476 extrinsecum.
402 1429 454 1476 Hoc
468 1445 560 1493 quoque
570 1437 604 1476 est
618 1427 794 1475 eoncedendum.

129 1497 175 1554 At,
186 1493 250 1558 quod
260 1508 328 1540 omne
338 1502 380 1550 est,
391 1493 415 1540 id
425 1509 471 1540 non
483 1493 581 1540 oemitur
592 1507 620 1540 ex
631 1492 676 1538 alio
685 1492 795 1539 extrinse-

129 1575 178 1607 cus.
195 1559 235 1606 Ne
244 1558 288 1604 hoe
297 1557 391 1620 quidem
402 1557 480 1620 negari
489 1566 569 1620 potest.
588 1555 654 1603 Nihil
662 1556 732 1618 igitur
740 1571 793 1604 oum

128 1623 214 1671 hebeat
223 1631 361 1680 extrenum,
369 1622 486 1668 infinitum
494 1621 618 1668 sitnecesse
626 1630 666 1668 est.
684 1621 799 1678 Videsne,

129 1697 158 1735 ut
168 1687 198 1735 ed
209 1701 258 1733 rem
268 1685 363 1733 dubiam
374 1685 482 1732 concessis
495 1687 562 1733 rebus
576 1684 722 1748 pervenerit?
740 1685 793 1733 Hoc

128 1767 170 1800 vos
180 1749 292 1798 dieieeiici
302 1763 348 1796 non
359 1748 445 1797 facitis:
463 1765 504 1797 nec
518 1751 592 1797 solum
607 1765 633 1796 en
647 1763 694 1795 non
704 1750 793 1798 sumitis

129 1811 161 1864 ed
177 1813 368 1872 ooncludendum,
386 1829 438 1876 qun
455 1816 485 1861 ab
501 1814 607 1861 omnibus
625 1812 791 1869 eoncedenturg

129 1880 171 1929 sed
181 1895 208 1927 en
218 1877 315 1935 sumitis,
327 1877 411 1941 quibus
421 1878 537 1936 concessis,
546 1877 618 1924 nihilo
628 1877 701 1940 magis
711 1877 793 1925 efficiu-

129 1954 178 2002 tur,
190 1941 253 2053 tpppd
263 1941 342 1989 velitis
366 1942 472 1988 Primum
483 1942 543 1989 enim
559 1942 603 1988 hoc
617 1941 713 1987 sumitis.
738 1944 756 1970 ‘⁸
767 1941 793 1989 Si

128 2017 185 2058 sum
221 2006 246 2063 ⁰,
257 2005 351 2052 benefici
360 2005 385 2052 in
396 2005 499 2052 homines
509 2006 586 2053 sunt.”
605 2004 666 2062 Quis
676 2003 719 2050 hoe
729 2005 793 2052 vobis

126 2072 212 2121 debit?
229 2069 380 2132 Epicurusne,
394 2070 436 2178 pui
450 2078 518 2132 negat
548 2068 658 2142 uidqusm
672 2067 736 2142 Deos
751 2083 793 2116 nen

127 2136 339 2186 slienimrereueo
352 2133 388 2181 sui
419 2142 534 2180 ennoster
567 2145 643 2192 umus,
657 2147 698 2195 qus
708 2145 794 2198 magno

124 2203 210 2266 plausu
220 2198 330 2261 loquitur,
339 2197 473 2246 aseendente
482 2197 582 2261 populo:

132 2299 136 2364 J
159 2291 178 2318 “
189 2287 244 2351 Ego
259 2286 336 2360 Dedm
352 2303 424 2350 penus
440 2303 488 2336 esse
505 2301 593 2350 semper
607 2285 664 2346 dini,
680 2295 702 2334 et
716 2285 793 2336 dium

132 2473 137 2482 .
158 2416 205 2467 Sed
220 2349 411 2542 ωεέἑίἒῖπο
425 2416 513 2479 opinor,
524 2415 581 2478 quid
594 2424 648 2479 eget
661 2415 791 2466 humanum

124 2588 158 2637 Et
169 2585 273 2652 quidem,
285 2599 325 2634 cus
336 2584 367 2634 s'ic
378 2585 491 2650 opinetur,
503 2585 613 2634 rationem
624 2581 721 2643 subjicit.
746 2579 791 2628 Se'd
