1862 2964
141 133 204 218 tta
242 159 289 211 nn
306 158 462 224 nucleus,
475 163 535 212 nus.
548 163 583 212 11.
595 161 659 212 crs.
671 163 711 212 cs.

143 297 221 338 autem
245 293 263 322 “
280 290 382 352 forum,’'
392 295 394 298 '
406 291 441 345 (id
465 299 507 351 est,
534 289 673 338 vestibulum
699 288 812 354 sepulcri)

144 356 163 387 ‘⁶
173 355 304 414 bustumve‚
322 355 433 419 usucapi”
451 364 522 414 vetat,
539 363 617 402 tuetur
634 355 674 416 jus
693 353 810 416 sepulcro·

141 429 204 466 rum.
230 417 289 466 Hec
302 419 413 468 habemus
426 419 451 466 in
462 418 600 477 Duodecim
614 432 668 464 sane
681 417 810 466 secundum

141 478 259 541 trituram,
278 498 331 547 quoe
348 497 430 531 norma
448 483 505 546 legis
525 491 565 530 est.
593 481 647 529 Reii
662 497 693 528 ua
712 479 811 530 suntin

142 558 221 594 moret
238 546 308 594 mnus
325 556 352 595 ut
368 547 495 603 indicatum
513 547 532 594 si
549 545 607 609 quid
623 545 649 592 lu
679 560 749 601 rum3
767 543 810 590 do·

142 609 377 722 Qmuewfffls·
387 619 576 722 utaturhacplensp
594 617 664 683 atque
681 608 808 656 berenna

200 689 270 722 onera
355 689 456 723 meorum
494 691 510 721 u
526 689 550 720 es
564 689 589 720 ιιι
603 687 809 721 concionememo·

141 746 236 796 rentum
254 754 336 802 easque
346 739 414 786 etiam
425 747 504 786 cantus
514 737 543 786 ad
554 737 670 785 tibicinem
685 725 809 800 prosequass

138 802 207 861 ·tur,”
217 802 255 850 cui
265 814 348 850 nomen
359 802 447 858 neuim
464 817 511 865 quo
521 801 631 850 vocabulo
641 800 711 848 etiam
722 799 810 850 Gratia

137 873 222 916 cantus
232 867 340 928 lugubres
351 866 505 914 nominantur.

174 929 257 977 XXV.
276 929 384 984 Quintus.
402 929 498 978 Gaudeo
508 936 585 978 nostra
595 929 650 990 jura
660 927 690 974 ad
699 936 811 978 naturam

141 992 324 1050 accommodam
340 995 501 1057 majorumque
511 991 622 1056 sapimtii
631 989 757 1040 admodmn
768 991 809 1040 de-

141 1056 218 1104 lector.
234 1057 343 1104 Marcus.
355 1057 401 1105 Sed
411 1057 485 1116 credo,
497 1057 593 1116 Quinte,
605 1064 632 1103 ut
642 1064 734 1104 catenes
744 1071 809 1104 mm·

141 1126 187 1179 tus,
205 1119 237 1167 sic
254 1120 323 1168 etiam
340 1122 495 1185 sepulcrorum
511 1120 616 1178 medum,
636 1129 695 1168 reete
713 1120 808 1184 requiri.

141 1181 208 1242 Quos
218 1183 280 1231 enim
291 1184 321 1231 ad
331 1195 421 1234 sumtus
435 1199 552 1248 progressa
563 1185 613 1246 jam
628 1183 672 1232 ista
685 1198 721 1230 res
732 1185 770 1243 sit,
781 1184 807 1232 in

142 1247 170 1295 G.
182 1247 261 1310 Figuli
272 1249 374 1312 sepulcro
384 1250 454 1298 vides.
476 1248 523 1297 Sed
537 1247 603 1296 credo
617 1247 738 1296 minimam
750 1248 807 1296 olim

140 1311 206 1359 istius
214 1312 246 1360 rei
254 1311 323 1360 fuisse
329 1313 491 1378 cupiditatem:
503 1310 604 1374 alioquin
611 1312 686 1358 multa
692 1319 807 1360 exstarent

77 1401 82 1408 -
138 1377 248 1440 exempla
256 1378 379 1438 majomm.
396 1378 487 1426 Nostra
497 1376 590 1440 quidem
600 1375 657 1438 legis
664 1375 808 1438 interpretes,

157 1455 189 1488 uo
203 1440 277 1505 capite
290 1443 401 1502 jubentur
415 1450 504 1489 sumtus
518 1448 541 1488 et
556 1440 646 1487 luctum
661 1453 777 1487 runosere
792 1455 808 1488 a

135 1455 246 1552 {eorum
263 1505 373 1553 Manium
391 1507 451 1566 jure,
468 1506 512 1552 hoc
529 1503 668 1566 intelligunt,
684 1503 806 1566 inprimis

140 1569 297 1630 sepulcrorum
307 1568 499 1631 magnificentiam
513 1583 560 1616 esse
574 1566 730 1615 mirmandam.
755 1569 806 1616 Nec

140 1630 190 1678 hec
213 1646 227 1677 a
250 1631 419 1693 sapientissimis
440 1633 518 1694 legum
537 1631 683 1694 scriptoribus
703 1633 807 1694 neglecta

140 1702 209 1740 sumto
226 1695 486 1755 nametAthenisjam
498 1694 806 1758 [illemoslaCecmpmut

140 1757 214 1813 aiunt,
232 1757 365 1819 permansit,
384 1757 428 1804 hoc
446 1759 486 1818 jus
504 1758 565 1806 terris
582 1757 712 1816 humandit
733 1775 805 1824 quam

140 1834 194 1867 cum
204 1817 304 1882 proximi
313 1820 444 1880 injecerant,
455 1821 599 1885 obductaque
611 1831 671 1871 terra
684 1831 741 1884 erat,
756 1823 805 1871 fru-

138 1882 207 1955 gibus
216 1884 369 1942 obterebatur,
382 1893 409 1931 ut
419 1884 481 1931 sinus
492 1893 515 1932 et
525 1886 639 1948 gremium
650 1887 716 1950 quasi
724 1889 807 1938 manis

138 1955 230 1994 mortuo
236 1945 380 2006 tribueretur,
389 1947 463 1996 solum
471 1957 558 2009 autem,
565 1949 670 2012 frugibus
676 1951 804 2014 expiatum,

138 2019 167 2060 ut
176 2010 234 2059 vivis
243 2011 380 2061 redderetur.
397 2013 555 2075 Sequebantur
562 2013 644 2076 epulae,
651 2030 709 2077 quas
715 2015 805 2064 inibant

139 2075 263 2188 prqpinqui
270 2076 384 2125 coronati:
401 2076 464 2140 apud
470 2093 529 2140 quas
535 2077 564 2125 de
571 2078 656 2126 mortui
664 2079 741 2138 laude,
750 2095 804 2130 cum

156 2155 181 2187 ur
207 2156 222 2187 v

138 2156 156 2204 q
222 2139 255 2188 eri
269 2143 324 2199 'erat
336 2139 484 2204 predicatum
499 2144 563 2195 (nam
578 2141 670 2188 mutin'
683 2142 748 2193 nefas
761 2143 803 2192 hn-

138 2206 257 2262 bebstm)=
275 2204 307 2252 iu
319 2205 382 2265 justa
394 2203 496 2253 cuntem
509 2213 580 2253 erant,
603 2205 623 2252 P
701 2222 765 2266 uam,
776 2217 804 2257 ut

139 2268 217 2315 scribit
228 2267 362 2328 Phalereus,
373 2276 491 2316 sumtuosa
501 2267 550 2315 fieri
560 2269 641 2316 funera
655 2279 678 2318 et
701 2280 804 2320 amenta·

138 2329 194 2378 bilia
204 2331 329 2392 erupissent,
341 2331 430 2379 Solonis
443 2331 493 2392 lege
503 2331 592 2380 sublata
603 2342 671 2380 sunt:
688 2349 760 2398 quam
770 2335 804 2384 le·

138 2407 201 2456 gem,
211 2393 297 2445 eisdem
307 2396 378 2458 pr'ope
388 2393 469 2454 serbis,
484 2395 555 2442 nostri
568 2394 690 2443 decemviri
703 2397 728 2444 in
742 2399 804 2446 deei-

138 2471 202 2508 mam
212 2457 315 2504 tabulam
326 2459 475 2519 conjeceramt
499 2457 564 2506 Nam
580 2458 609 2506 de
622 2460 696 2508 tn'bus
708 2461 803 2521 riciniis,

137 2529 161 2570 et
171 2519 279 2584 pleraque
288 2521 337 2581 illa,
349 2520 438 2570 Solonis
451 2527 518 2568 sunto
536 2521 565 2570 de
574 2521 681 2571 laniatis
694 2539 748 2573 vero
763 2541 804 2574 ex·

138 2584 395 2701 iffi‘di‘sffi}
403 2581 634 2714 tibuit*
649 2601 679 2638 ¹¹⁰
694 2587 803 2650 'm’

131 2684 135 2692 Δ
289 2679 297 2710 a
459 2681 466 2708 r
575 2697 576 2700 ,
