1856 2952
312 167 361 218 DE
375 159 556 230 sinicium,
564 167 628 219 Gar.
638 169 677 219 ic
775 163 825 222 ³8⁸

156 304 276 370 proprium
290 310 325 351 est
341 301 485 350 anirnibene
503 299 825 360 momenmentum

156 373 233 428 rebus,
244 377 268 417 et
277 366 353 415 dolere
363 366 487 416 minuis

189 433 355 493 Quamobrem,
375 431 394 479 si
411 430 471 480 cadi
486 431 511 478 in
527 430 653 494 sapientam
669 429 741 478 animi
758 432 824 482 dolor

158 499 210 563 (qui
219 497 320 562 proiecto
332 496 404 555 cadit,
416 495 460 543 nisi
474 512 504 544 ex
519 496 568 556 ejus
584 495 661 544 animo
675 497 823 562 exstirpatam

157 562 324 612 humanitatem
330 561 481 619 arbitremur)
491 571 503 617 ς·
516 575 569 623 quae
578 575 646 609 causa
656 571 698 620 est,
709 577 750 609 cur
764 563 823 610 smi-

157 627 235 676 citiam
245 626 349 674 iimditus
363 625 471 674 tollamus
486 623 567 682 erio,
578 639 608 672 ne
618 626 715 690 aliquas,
729 631 823 692 propta'r

157 705 217 751 eam,
235 690 384 766 suscipiamus
400 689 535 738 molestias?
558 690 624 750 Quid
641 691 703 739 anim
720 691 821 752 interest,

156 764 222 804 motu
232 754 305 802 animi
315 755 413 812 sublato,
424 769 471 802 non
482 755 533 803 dico
542 754 601 802 inter
612 754 730 802 hominem
745 763 768 802 ei
783 771 824 819 pe-

155 819 246 876 cudem,
257 818 297 867 ssd
306 819 365 866 inter
374 819 493 867 hominem
504 827 527 867 et
540 833 632 877 saxum,
648 827 689 866 aut
704 827 822 880 truncum,

155 894 197 932 aut
206 883 298 947 quidvis
307 884 395 946 generis
405 883 528 944 ejusdm?
551 882 636 947 Neque
678 882 684 894 '
717 886 775 931 'mut
785 884 823 933 isti

154 947 270 1010 audiendi,
281 948 322 1011 qui
332 947 440 996 virtutem
451 947 533 996 (iuram
546 956 569 995 et
582 947 648 1010 quasi
674 963 760 996 srresnr
775 963 823 997 esso

154 1012 250 1060 volunt:
267 1027 320 1074 qun
330 1011 424 1075 quidem
436 1020 478 1071 cst,
486 1027 540 1060 cunr
550 1012 631 1060 multis
640 1011 666 1058 in
675 1013 752 1071 rebus,
769 1020 822 1060 turn

154 1075 180 1123 in
199 1076 308 1134 amicitia,
327 1084 404 1124 tenera
420 1086 489 1140 atquc
507 1076 647 1132 tractabilis3
664 1085 692 1124 ut
713 1084 736 1124 et
756 1077 823 1126 bonis

155 1140 224 1188 amici
234 1140 299 1204 quasi
309 1139 476 1195 diffundantur,
488 1148 511 1188 et
520 1140 671 1188 incommodis
685 1141 832 1190 contrahan-¹

155 1212 200 1252 tur.
217 1203 375 1264 Quamobrem
386 1219 457 1266 angor
466 1204 517 1262 ists,
526 1204 567 1268 qui
577 1220 619 1268 pro
629 1204 703 1253 amico
714 1221 773 1268 saepe
784 1221 822 1254 ca·

154 1267 251 1332 piendus
262 1276 304 1327 cst,
315 1283 361 1315 non
372 1276 462 1315 tanturn
473 1269 542 1325 valet,
553 1277 580 1316 ut
591 1269 657 1316 tollat
674 1285 686 1316 e
705 1269 752 1316 uiti
762 1270 822 1318 anri·

154 1331 247 1389 citiam
264 1347 310 1379 non
321 1332 382 1395 plus,
399 1347 471 1391 quam
480 1341 508 1380 ut
518 1331 621 1391 virtutes
633 1333 688 1396 quia
697 1334 821 1382 nonnullas

153 1411 219 1445 naras
229 1405 252 1444 et
261 1396 378 1444 molestias
386 1395 492 1455 afferunt,
503 1396 658 1460 repudientur.
754 1419 757 1424 ·

185 1457 257 1509 XIV.
274 1459 336 1508 Cum
347 1469 423 1508 autem
435 1459 553 1508 contrahat
562 1460 686 1508 amicitiam
698 1463 735 1514 (ut
751 1477 820 1526 supra

153 1524 222 1582 dixi),
233 1525 310 1587 siqua
317 1524 451 1588 significatio
466 1524 556 1572 virtutis
567 1525 662 1583 eluceat,
673 1521 703 1572 ad
714 1539 785 1588 quam
796 1540 821 1575 se

153 1589 234 1637 similis
242 1588 333 1637 animus
340 1589 447 1652 applicet,
458 1599 481 1636 et
489 1588 614 1651 adjungat:
631 1589 656 1637 id
666 1601 720 1636 cum
731 1590 819 1638 contin-

152 1652 196 1716 git,
207 1667 272 1701 amor
282 1653 404 1710 exoriatur,
411 1665 501 1702 neccsse
511 1662 550 1701 est.
568 1653 632 1712 Quid
644 1654 705 1702 enim
718 1661 767 1702 tarn
778 1655 819 1703 ab·

68 1778 70 1782 .
150 1717 255 1777 surdum,
275 1731 346 1780 quam
362 1717 468 1765 delectari
484 1717 564 1765 multis
579 1717 686 1766 inanibus
700 1719 776 1777 rebus,
792 1719 820 1768 ui

150 1781 245 1838 honore,
264 1789 292 1830 ut
305 1781 387 1842 gloriis,
402 1789 429 1829 ut
442 1781 545 1841 edificio,
561 1791 588 1830 ut
602 1782 694 1841 vendin,
708 1783 820 1848 cultuque

149 1845 264 1908 mrporis3
280 1846 357 1914 animo
367 1853 444 1893 autem
459 1845 543 1894 virmte
556 1846 660 1910 prodito,
676 1863 711 1906 so,
726 1847 767 1913 qui
781 1845 819 1896 vel

150 1923 236 1966 amare,
245 1909 281 1956 vel
290 1909 454 1967 (utitadicam)
465 1910 582 1958 redamare
589 1911 668 1974 possit,
680 1925 726 1959 non
738 1911 818 1959 admo-

150 1973 209 2020 dum
216 1971 341 2020 delectari?
359 1973 426 2020 Nihil
440 1981 474 2032 cst
485 1974 546 2021 enim
556 1975 738 2024 remuneratione
748 1976 818 2032 bene·

149 2035 329 2147 ιοὶωιέιῇιῶιὶί
338 2035 491 2084 vicissitudine
501 2037 629 2086 studiorum
635 2038 816 2104 officiorumque,

158 2114 220 2149 ucun
245 2115 279 2147 us.

146 2117 157 2163 J
182 2163 254 2224 Quod
264 2164 284 2211 si
294 2163 362 2212 etiarn
373 2163 436 2212 illuc
446 2163 560 2225 addimus,
570 2165 632 2228 quod
642 2173 701 2214 recte
712 2157 818 2230 eddipo-

107 2279 118 2300 ι
147 2228 544 2292 oestnihilcssmquodadserem
559 2228 818 2280 uliamtamalliciatet

150 2303 199 2342 tam
209 2291 317 2351 stnairat,
324 2307 395 2358 quam
406 2293 435 2340 ad
443 2293 568 2341 amicitiam
579 2294 719 2350 similitud03
737 2309 817 2344 conce-

149 2358 216 2406 detur
230 2357 339 2421 proiecto,
351 2371 430 2404 rerum
442 2373 498 2417 esse,
513 2367 540 2405 ut
554 2359 626 2406 bonos
639 2358 694 2406 boni
710 2358 816 2422 diligant,

148 2422 318 2486 adsciscanmue
326 2421 378 2480 sibi,
385 2422 451 2486 quasi
461 2423 631 2487 propinquitate
641 2424 773 2484 conjunctos
781 2431 816 2472 at-

148 2502 194 2551 quc
204 2486 293 2534 naturi.
311 2486 379 2534 Nihil
389 2495 423 2535 est
433 2487 495 2535 enim
502 2487 646 2551 appetentior
652 2487 815 2546 similiumsui,

146 2551 205 2599 nihil
215 2551 327 2614 rapacius,
338 2565 410 2615 quam
420 2560 509 2600 natura.
537 2551 696 2615 Quamobrem
708 2551 753 2600 hoc
763 2550 816 2616 qui'-

147 2614 209 2672 iem,
220 2615 296 2664 Fanni
306 2624 330 2664 et
337 2615 446 2670 Scisvola,
458 2621 553 2675 constat,
563 2620 601 2671 (ut
607 2615 698 2680 opinor)
706 2613 815 2666 lionisin.

146 2685 181 2730 tar
190 2679 687 2746 bonos-qussinscsssariambsusrolmtimr
693 2681 816 2748 cssc‘roui
