1852 2966
125 69 172 120 120
306 67 353 118 DE
370 67 473 129 Fauo,
489 68 554 118 Cau.
567 69 606 116 12.

122 204 238 256 nauuam,
249 204 277 245 nt
286 197 386 261 pondere
396 207 419 246 et
429 197 540 260 gravitate
552 203 681 255 moveatur,
691 209 803 260 eamque

122 260 197 323 ipsam
207 275 255 309 asae
265 277 365 321 canaam,
377 277 418 310 our
427 261 460 309 ita
470 259 565 310 feratur:
579 259 736 320 &militenen
744 261 804 308 ani·

123 339 215 372 morum
232 333 309 374 motus
325 322 472 384 voluntarios,
491 340 537 372 non
552 333 586 372 ast
600 325 737 388 requirenda
755 341 804 373 ex-
899 317 910 352 *³

124 396 188 436 tema
198 405 272 438 eausa.
296 389 378 437 Motus
392 389 454 436 enim
466 388 606 437 voluntarius
621 403 673 436 eam
684 398 804 436 naturam
901 420 902 429 η

124 452 149 500 in
160 453 242 517 seipse
252 454 360 510 continet,
372 463 398 500 ut
409 454 438 500 sit
449 455 473 500 in
487 453 564 500 nostri
578 461 698 527 poteetate,
714 453 803 500 nobis-

125 532 171 592 que
181 528 273 580 pareat:
291 534 333 566 nec
343 517 367 564 id
378 517 427 566 sine
437 517 519 566 causi:
537 517 661 578 ejuaemm
676 516 709 564 rei
724 533 803 566 eausa
900 516 904 577 ξ

125 595 176 644 ipsa
185 591 268 630 natura
278 591 319 630 eat

158 646 229 706 Quod
240 662 293 694 cum
307 647 340 694 ita
355 647 392 704 ait,
404 645 460 710 quid
475 654 516 705 eet,
532 661 573 693 cnr
587 659 634 692 non
649 645 726 692 omnis
739 661 803 708 pro-

126 710 239 758 nuntiatio
256 720 297 760 aut
310 727 363 759 vera
377 720 418 758 aut
431 710 490 757 falsa
504 710 541 767 sit,
556 709 600 757 niai
615 709 803 758 oonceseeiimus

125 773 174 822 fato
184 775 234 822 fieri
243 777 394 838 quacumque
408 773 484 822 fiant?
507 773 571 832 Quia
585 773 664 821 futura
679 789 741 832 vem,
760 773 805 820 in-

126 839 185 913 quit,
202 853 249 885 non
264 847 359 901 possunt
375 854 422 885 esee
438 853 473 897 ea,
489 853 541 901 quae
556 853 643 896 oauaas,
659 853 701 884 cur
713 837 804 884 futura

127 911 181 959 unt,
192 917 239 949 non
250 902 341 950 habent.
359 901 468 950 Habeant
478 902 549 964 igitur
556 917 643 960 causae,
651 915 741 948 necasse
750 911 803 960 eet,

126 980 153 1012 ea
176 981 229 1028 qua
245 981 299 1014 vem
315 974 384 1023 aunt;
408 966 448 1026 ita,
466 981 521 1014 cum
535 965 658 1025 evenerint,
679 964 727 1013 fato
742 981 804 1014 eve-

127 1029 210 1077 norint

158 1093 220 1142 XII.
237 1094 373 1143 Confectum
388 1094 514 1158 negotium,
526 1095 546 1142 ai
556 1093 650 1171 quidem
661 1093 704 1141 tibi
715 1108 804 1142 oonoe-

113 1157 229 1211 ,dandum
247 1168 289 1218 eet,
308 1166 350 1206 aut
365 1159 413 1207 fato
429 1159 508 1207 omnia
522 1158 589 1216 fiet-13
609 1166 649 1206 aut
665 1157 805 1234 quidquam

126 1237 192 1286 poaaa
202 1223 251 1272 fleri
262 1224 311 1272 sine
321 1223 395 1272 causi.
418 1222 460 1271 An
470 1223 536 1270 aliter
545 1223 595 1270 bae
605 1222 731 1270 enuntiatio
741 1237 805 1270 vera

127 1303 175 1336 eene
189 1303 236 1336 non
248 1296 330 1352 potest,
347 1290 365 1317 “
373 1288 455 1352 Capiet
465 1287 619 1335 Numantiam
634 1286 737 1350 Scipio,”
750 1287 805 1335 nisi

126 1367 157 1400 ex
168 1352 292 1402 aeternitate
302 1367 370 1401 oauaa
380 1366 472 1400 oausam
482 1366 556 1399 serena
566 1350 610 1399 hoc
620 1350 663 1398 erit
670 1351 805 1400 effectura?

127 1417 450 1480 Anhocfalsumpotuiseet
464 1413 804 1476 aaae,aieeaetaexoentiesae-

128 1481 253 1530 causante
267 1480 374 1530 dictum?
397 1477 804 1537 Eusimmnonaesetverahaec

128 1544 263 1602 enuntiatio,
281 1547 299 1572 “
310 1543 392 1606 Capiet
408 1542 562 1590 Numantiam
579 1542 655 1606 Scipio
662 1543 689 1600 ;”
707 1541 802 1592 noina

128 1607 222 1671 quidem
233 1606 311 1655 eversi
321 1621 374 1653 vera
384 1614 418 1654 est
427 1605 477 1652 hae
487 1605 621 1665 enuntiatio,
636 1607 653 1635 “
663 1606 731 1670 Cepit
741 1606 802 1654 Nu·

127 1669 240 1720 mantiam
257 1668 359 1732 Scipio?
382 1669 461 1717 Potest
477 1669 549 1732 igitur
564 1671 692 1734 quidquam
707 1670 804 1720 fatuum·

127 1747 184 1791 aeae,
198 1732 261 1795 quod
273 1747 321 1779 non
333 1746 414 1780 verum
427 1732 497 1782 fuerit
510 1733 616 1782 futurum
631 1737 697 1783 ease?
720 1734 800 1794 Nam,

128 1805 156 1844 ut
165 1795 279 1858 praeterita
289 1811 316 1843 ea
326 1811 379 1844 vera
389 1796 495 1856 dicimus,
507 1812 607 1860 quornm
614 1797 729 1862 superiore
737 1807 801 1846 tem.

128 1874 183 1923 pore
193 1875 247 1907 vera
256 1858 326 1907 fuerit
337 1859 461 1917 instantia3
479 1861 511 1908 aio
524 1861 611 1922 futura,
627 1877 728 1926 quoium
742 1877 802 1912 oon-

128 1923 233 2035 aeqqanti
242 1932 345 1988 tempore
355 1939 408 1972 vera
415 1925 458 1972 erit
465 1924 581 1985 instantia,
590 1942 617 1974 ea
625 1941 678 1975 vera
685 1925 800 1975 ditonus.

149 2001 151 2006 ⁸
188 1987 253 2048 ec,si
268 2003 337 2036 omne
351 1988 497 2037 enuntiatum
511 1997 552 2037 aut
565 2005 645 2038 vetum
659 1999 700 2038 aut
710 1989 802 2040 falsum

129 2059 172 2112 eat,
185 2051 289 2116 sequitur
302 2052 372 2112 illico,
384 2067 432 2101 esee
446 2068 524 2102 oauaaa
537 2053 702 2114 immutabiles,
713 2069 801 2118 easque

130 2124 233 2175 aternus,
253 2132 306 2180 qua
326 2114 462 2180 prohibeant
480 2117 608 2182 quidquam
626 2133 691 2166 aecus
708 2118 801 2180 eodm,

129 2187 200 2243 atque
213 2195 320 2228 casurum
335 2181 370 2229 ait.
394 2181 505 2230 Fortuita
519 2189 574 2230 eunt
586 2197 668 2241 eausa,
682 2197 735 2245 quoe
749 2182 801 2230 affi-

127 2242 199 2304 ciant,
209 2252 237 2291 ut
249 2258 302 2292 vere
315 2243 428 2304 dimam,
444 2261 497 2310 qua
510 2245 544 2294 ita
557 2245 670 2307 diaeum,
678 2248 705 2275 ·“
713 2245 801 2295 Veniet

129 2306 189 2356 Cato
205 2307 230 2353 in
246 2308 377 2369 uenatum,”
396 2323 443 2356 non
461 2309 555 2358 inclusa
570 2310 595 2356 in
611 2325 689 2358 rerum
705 2311 800 2372 natura,

129 2379 200 2435 atque
213 2371 308 2420 mundo.
328 2373 362 2420 Et
371 2381 448 2420 tamen
459 2381 508 2420 tam
519 2382 553 2423 aet
562 2373 707 2424 immutabile
717 2382 801 2424 ventu·

130 2449 193 2494 rum,
209 2449 264 2484 cum
279 2445 313 2484 ast
328 2451 417 2495 verum,
433 2451 505 2500 quun
520 2437 624 2496 veniam
642 2452 685 2486 nac
701 2439 731 2486 ob
747 2453 800 2488 eam

130 2513 223 2549 oausam
233 2498 317 2558 samm,
328 2507 370 2557 aut
380 2500 499 2550 necessitas
509 2501 678 2550 extimaoenda
691 2509 732 2550 eat.
755 2501 801 2550 Et-

130 2565 193 2614 enim
204 2562 246 2614 orit
255 2561 357 2614 eonfiteri
367 2578 465 2625 necasse,
479 2564 499 2614 ai
513 2564 563 2616 hoo
577 2564 712 2626 enunuatio,
724 2565 800 2615 “Ve-
