1864 2958
120 155 168 200 ess
247 143 295 200 nn
311 143 525 208 sensorum,
541 149 605 199 crs.
618 151 657 197 rs.

118 281 166 328 sive
188 279 233 327 'nis
248 279 322 338 Deus,
337 278 396 326 nihil
411 279 489 326 mente
503 277 654 342 presnbilius
669 277 800 336 dedissem

118 344 173 392 huie
199 344 260 391 'vino
270 343 361 391 muneri
371 358 398 390 ae
408 343 468 390 dono
476 342 534 389 nihil
542 358 589 390 esse
598 352 646 390 tam
653 343 799 403 inimicum,

118 423 189 470 quam
207 409 355 471 voluptatem.
378 407 430 454 Nec
447 407 517 465 enim,
534 407 629 454 libidine
642 406 799 467 dominante,

118 473 275 535 temperentia
287 473 365 518 locum
380 486 444 526 esset
463 484 538 534 neque
555 470 649 517 omnino
664 471 689 518 in
703 472 800 534 volup-

118 537 172 584 tatis
182 551 252 598 regno
262 536 370 584 virtutem
380 549 445 598 posse
453 535 579 582 consistere.
596 534 667 592 Quod
678 551 725 598 quo
737 551 798 582 ma·-

115 601 155 664 ‘gis
165 600 263 663 intelligi
273 607 355 663 posset,
366 599 451 661 fingere
461 599 539 645 animo
551 600 656 659 jubebat,
670 599 737 646 tante
752 594 797 646 in'.

118 665 215 712 citatum
231 665 332 728 aliquem
346 664 462 725 voluptate
477 662 583 724 eorporis,
600 671 686 725 quanta
700 663 795 726 percipi

119 738 194 791 posset
204 729 313 776 maxima.
331 726 427 774 Nemini
437 728 541 774 censebat
551 726 599 772 iore
609 725 716 786 dubium,
728 729 793 790 quin

119 793 219 852 tamdiu,
231 793 287 839 dum
298 793 330 839 ite
340 790 456 852 gauderet,
467 790 526 836 nihil
536 790 622 852 agitare
629 795 714 850 mente,
726 791 792 838 nihil

119 857 214 916 ratione,
230 856 288 902 nihil
302 854 436 916 cogitatione
446 854 562 918 consequi,
573 861 663 916 posset:
680 855 792 917 quociree

117 921 178 967 nihil
192 935 239 967 esse
249 929 297 966 tam
308 917 446 977 detestabile,
458 927 552 980 tamque
562 917 704 980 pestifemm,
713 934 790 981 quam

119 984 277 1046 voluptatem
298 981 461 1045 siquidemea,
480 997 534 1029 cum
552 982 627 1042 maj01
643 991 701 1030 esset
716 993 792 1046 atque

118 1048 216 1110 longior,
228 1061 296 1092 omne
306 1045 378 1092 animi
387 1045 468 1092 lumen
479 1045 639 1106 exstingueret
663 1047 721 1093 Haec
731 1061 788 1098 eum

118 1111 147 1157 C.
159 1109 241 1158 Pontio
249 1110 352 1158 Samnite
363 1113 437 1172 (patre
448 1110 505 1170 ejus,
517 1126 531 1156 a
542 1125 596 1172 quo,
611 1109 718 1158 Caudino
726 1127 789 1173 pne-

118 1175 158 1232 iio,
174 1175 214 1238 Sp.
228 1174 368 1232 Postumius,
385 1173 415 1220 Τ.
428 1173 547 1230 Veturius,
563 1173 674 1233 eonsules,
686 1176 788 1238 superati

117 1247 184 1296 sunt)
207 1239 311 1286 locutum
332 1237 470 1300 Archytam,
493 1236 613 1285 Nearchus
637 1238 788 1298 Tarentinus,

119 1303 201 1366 hospes
215 1311 298 1362 noster,
314 1301 366 1366 (qui
380 1301 404 1347 in
418 1301 518 1348 aruieitii
531 1301 612 1364 populi
623 1301 725 1349 Romani
734 1303 787 1366 per'.

119 1377 243 1425 manserat)
252 1383 275 1415 se
284 1365 429 1427 amej0ribus
439 1374 495 1412 netu
506 1365 615 1428 accepisse
626 1365 723 1425 dicebat,
732 1383 785 1414 cum

118 1432 214 1495 quidem
232 1431 252 1479 ei
269 1430 367 1478 sennoni
384 1429 521 1477 interfuisset
538 1428 605 1476 Plato
620 1429 783 1488 Atheniensis3

120 1510 190 1558 quem
201 1496 329 1542 Tarentum
338 1494 432 1552 vennae,
445 1493 474 1540 Ιι.
482 1492 590 1553 Camillo,
601 1493 681 1557 Appio
688 1493 785 1543 Claudio

120 1559 258 1617 oonsulibus,
270 1558 363 1620 reperio.
778 1559 781 1586 ³

153 1622 270 1680 Quorsum
285 1622 353 1668 hae?
370 1628 397 1667 ut
410 1620 550 1683 intelligatis,
563 1621 732 1685 si'voluptatem
744 1623 783 1671 etl-

120 1686 221 1748 sperneri
230 1685 317 1732 ratione
328 1692 350 1732 et
361 1685 471 1746 sapientie
481 1700 527 1732 nou
537 1701 662 1748 possemus,
677 1700 784 1750 magnam

120 1749 249 1795 habendam
260 1749 369 1795 senectuti
379 1749 486 1810 gretiam,
498 1765 550 1812 qua
560 1749 664 1808 efficeret,
673 1759 700 1798 ut
707 1750 731 1797 id
739 1766 782 1798 non

119 1813 207 1870 liberet,
219 1812 282 1878 quod
291 1827 338 1858 non
348 1819 467 1874 oporteret.
484 1813 587 1875 Impedit
597 1813 658 1860 enim
666 1815 782 1866 eonfflium

121 1876 234 1938 voluptas,
245 1875 327 1923 rationi
337 1875 445 1932 iniurica3
463 1891 489 1924 ae
503 1877 587 1924 mentis
601 1880 638 1930 (ut
652 1878 685 1924 ite
699 1879 780 1938 dicam)

120 1939 369 2002 prestringit'oculos3
393 1955 434 1988 neo
452 1941 522 1988 habet
539 1941 614 1988 ullum
631 1957 684 1988 eum
702 1943 782 1990 virtute

121 2005 291 2052 oommereium.
309 2004 400 2052 Invitus
410 2004 505 2068 quidem
515 2004 566 2063 feei,
578 2013 605 2052 ut
615 2005 731 2052 fortisnm
740 2007 780 2056 riri

121 2068 152 2116 Τ
162 2069 288 2116 Flaminini
298 2068 399 2128 fratrem,
412 2069 441 2115 Ιι.
454 2069 621 2127 Flamininum,
633 2079 734 2117 esenetu
743 2071 781 2132 eji.

121 2148 204 2189 cerem,
216 2142 303 2196 septem
318 2133 384 2180 annis
397 2141 449 2195 post
462 2147 534 2196 quam
546 2133 625 2181 consul
635 2133 729 2181 tuimet:
744 2135 780 2182 sed

121 2197 247 2244 noenum
262 2197 342 2261 putavi
357 2197 484 2244 inlunem,
510 2197 555 2244 nn
571 2197 641 2255 enim,
657 2213 711 2246 cum
728 2208 780 2246 me
883 2241 886 2246 .

118 2261 210 2318 'consul
222 2261 246 2306 in
258 2261 336 2308 Galle
349 2268 455 2308 exoratus
469 2261 493 2307 in
509 2261 612 2308 oonmvio
626 2276 641 2308 a
655 2269 727 2308 scorto
740 2271 778 2322 est,

119 2331 149 2369 ut
160 2324 232 2370 securi
243 2324 320 2371 feriret
333 2325 434 2387 aliquem
448 2339 536 2381 eorum,
548 2325 589 2388 qui
601 2325 626 2371 in
642 2325 736 2372 vinmlis
749 2342 780 2374 es·

123 2394 182 2445 sent,
199 2385 302 2434 damnati
318 2389 351 2435 rei
370 2388 478 2450 capitalis.
496 2388 551 2443 Hie,
569 2388 633 2448 Tito,
649 2388 719 2436 fratre
733 2405 777 2450 suo,

122 2463 221 2508 censore,
233 2451 284 2513 (qui
295 2451 414 2512 proximus
423 2459 477 2498 ante
486 2466 525 2498 me
535 2451 619 2510 fumat)
633 2453 723 2515 elapsus
735 2461 777 2502 este

121 2512 181 2558 mihi
194 2528 246 2560 vero
260 2522 283 2560 et
297 2513 379 2562 Flaooo
392 2515 527 2577 neutiquam
541 2516 632 2577 probari
647 2517 723 2578 potuit
736 2525 778 2564 tam

119 2573 234 2634 flagitiosa
244 2584 267 2623 et
277 2585 325 2624 tam
335 2577 424 2640 perdita
433 2577 513 2632 libido,
522 2593 576 2640 qun
585 2593 638 2628 oum
649 2581 730 2644 probro
738 2581 779 2646 pri-

118 2644 176 2683 ‹vato
186 2639 434 2704 mujungerstimperii
444 2641 567 2690 sialeous..
772 2651 775 2660 ⁴
