1852 2966
146 115 193 170 rer
209 117 256 168 nn
268 115 585 179 Dru-inmortuus
595 113 630 164 ιι
640 113 704 165 on».
714 115 755 165 or.

143 249 235 296 niomm
245 247 407 308 conjectiones]
417 246 497 294 delinit
511 246 555 294 hoe
570 244 670 302 modost
672 244 785 293 ‘'Esse
760 259 813 293 erm

144 320 282 371 cernentem,
294 319 317 358 et
330 311 500 398 explanantem,
514 325 566 374 qum
580 326 594 356 u
610 309 662 356 Diis
677 308 815 358 hominibus

144 375 316 438 significentur'
309 389 334 422 ιιι
345 375 446 422 somnis’
447 374 536 433 'Quid
546 376 616 436 ergo?
627 373 657 420 ed
664 372 713 420 haec
720 372 813 421 medio-

143 437 814 566 {ttiiffnllttnmiitttmmt

146 568 240 615 minem.

156 632 269 680 mnxlv
287 631 364 679 Vide
357 631 435 693 igitur,
444 645 481 688 ne,
489 631 558 676 etiam
566 645 585 678 sr
577 628 756 676 'divinationem
764 628 812 676 tibi

143 703 190 744 etse
200 711 334 752 concessero,
344 694 406 758 quod
416 709 535 768 nunquam
545 693 636 749 sotim,
648 692 764 740 nerninem
773 701 811 740 to-

142 775 197 808 men
207 759 312 807 &vinum
323 759 419 833 reperire
432 758 552 821 possimus.
576 756 658 815 Qualis
669 765 747 803 sutem
763 756 811 804 isto

143 839 208 872 mens
224 833 257 870 est
272 823 385 879 Deorum,
399 822 418 869 si
429 837 503 884 neque
517 836 544 868 en
558 820 623 868 nobis
639 819 790 882 o'gnifioent'
783 835 809 868 tn

143 888 236 945 somnis,
254 903 306 949 quae
323 886 368 948 ipsi
384 901 425 947 per
443 899 484 931 nos
502 885 665 946 intelligamus,
676 898 752 946 neque
770 899 809 959 eo,

142 965 240 1012 quonum
251 951 386 1024 interpretes
393 949 476 996 hebere
486 949 617 1011 possimus?
641 947 732 995 Similes
743 948 809 996 enim

142 1013 256 1070 suntDii,
268 1013 399 1060 meenobrs
409 1013 527 1072 objiciunt,
535 1027 633 1075 quorum
641 1011 809 1060 neoeoientinm
910 1029 911 1062 ι

141 1091 216 1139 neque
223 1078 392 1151 explanatorem
400 1076 533 1135 habeamus,
542 1085 662 1150 tumquruo
667 1090 686 1122 er
679 1074 759 1122 Poeni
765 1084 809 1124 eut

142 1140 259 1204 Hispani
252 1155 277 1187 ur
287 1149 366 1188 senatu
377 1149 453 1187 nostro
463 1139 636 1213 loquerentur'
617 1153 667 1186 erne
676 1139 808 1201 interprete.

152 1205 230 1251 Jsm
240 1219 293 1252 vero
304 1220 350 1268 quo
366 1204 479 1267 pertinent
493 1203 638 1251 obseuritetes
650 1211 673 1250 et
683 1203 809 1265 enigmate

142 1268 282 1316 somniorum
292 1271 302 1317 ἓ
331 1267 432 1330 Intelligi
442 1268 504 1316 eninr
513 1283 528 1314 o
538 1267 603 1316 nobis
613 1266 655 1314 Dii
666 1267 723 1314 velle
736 1267 808 1315 debe-

141 1335 206 1393 bunt,
223 1349 258 1391 ee,
275 1349 327 1396 quae
341 1333 419 1380 nostra
433 1333 501 1380 oeusit
514 1347 555 1378 noo
568 1339 710 1378 monerent.
718 1330 784 1389 Quid
794 1335 806 1380 Ρ

34 1397 40 1406 ’
141 1402 210 1460 po'e'ts
219 1413 296 1457 nemo,
308 1411 375 1445 nemo
386 1397 501 1460 physicus,
513 1396 639 1443 obscurus?
655 1394 695 1440 ille
704 1409 758 1442 vero
768 1395 806 1442 ni·

141 1462 186 1509 nris
203 1463 271 1510 etiem
290 1463 398 1510 obscurus
413 1459 563 1522 Euphorion.
581 1468 606 1506 ot
617 1473 662 1505 non
677 1458 803 1534 Homerus.

140 1526 215 1573 Uter'
209 1527 279 1588 igitur
289 1526 389 1572 melior?
406 1525 481 1572 Valde
492 1523 622 1570 Heraclitus
632 1525 804 1582 obscurumn-

91 1598 93 1604 ’
141 1590 203 1636 nirne
221 1589 382 1636 Democritus·
406 1602 464 1635 num
482 1587 552 1649 igitur
573 1586 719 1634 conferendi?
741 1557 805 1635 'ittet

140 1653 209 1699 musi
224 1667 262 1698 me
279 1665 366 1709 mones,
382 1652 445 1713 quod
458 1664 504 1697 non
520 1651 669 1724 intelligam?
685 1650 750 1709 Quid
764 1666 804 1698 me

139 1715 210 1776 igitur
219 1717 317 1763 mones?
333 1715 451 1778 utriquis
460 1713 669 1777 medioueaegroto
661 1723 804 1778 imperetut

140 1786 217 1825 sumat

145 1861 359 1931 “Terrigenem,
383 1866 550 1930 herbigrodsm,
569 1866 730 1930 domiportsm,
749 1879 801 1915 san

234 1929 305 1993 81111111
316 1931 428 1992 mmo„

74 2039 78 2048 “
138 2034 719 2148 potiusquem‚hon1inummore,ooohleemdioere
735 2036 800 2084 Nom

139 2098 283 2147 Pacuvianum
293 2100 407 2182 Amphio,

144 2185 333 2265 '“Quodrupes
343 2189 479 2264 terdigrsds,
491 2190 591 2254 agrestis,
602 2137 696 2236 humilis
697 2203 799 2263 ,osperm

170 2251 250 2314 Capite
261 2253 332 2312 brevi,
343 2255 426 2302 cervioe
436 2255 545 2317 unguina,
554 2254 660 2316 sdspeotu
668 2253 736 2313 truoi,

143 2315 325 2376 Evisoersto,'
318 2318 428 2380 menime,
440 2333 493 2366 cum
504 2318 598 2365 animali
608 2317 689 2377 sono,”

133 2431 190 2468 tum
199 2416 291 2468 dixisset
297 2423 422 2481 obscurius,
429 2431 480 2469 turn
488 2422 562 2470 Attici
570 2421 716 2486 respondenti
727 2425 797 2472 “non

136 2484 292 2547 intelligimus,
304 2486 433 2550 nisiuperte
443 2487 551 2534 dixeris.‘'
567 2486 797 2561 Atilleunoverbo,

137 2549 294 2596 “''Testudo
314 2549 368 2596 Non
385 2559 490 2622 potueras
505 2551 569 2600 hoe'
563 2550 633 2652 igitur
648 2566 663 2597 a
677 2549 796 2614 prineipim

129 2613 258 2675 eitherium,
272 2613 364 2662 dicere?
