1862 2964
132 121 178 170 loo
220 119 273 168 DE·
283 119 441 178 LEGIBUS,
458 119 518 188 Ins.
530 119 580 166 111.
598 116 662 166 Ger.
673 117 697 171 7.

129 249 158 296 ln
171 247 303 307 illio‘libris
319 263 373 296 cum
388 247 417 296 de
427 246 516 311 optimo
525 244 643 310 republici
652 251 803 308 quoererenu.

133 311 180 360 Sed
193 312 264 372 hujus
277 311 321 360 loci
336 311 365 359 de
378 311 550 374 magistratibus
564 318 618 357 suut
646 308 723 371 roprio
737 323 805 370 quae-

127 374 622 440 ·dsm,e'l'heophrsstoprimum,deindeo
655 373 660 383 ¹
676 387 706 420 ne
714 372 803 432 Stoico,

133 439 229 504 quesita
239 439 352 488 subtilius.
757 455 767 476 ι

167 504 213 551 VI.
231 504 333 550 Atticus.
351 503 417 550 Ai'n’
433 502 545 550 tandem?
562 501 632 549 etiam
642 515 657 548 a
667 499 750 549 Stoicis
760 498 807 546 iste

135 576 232 616 nouato
242 570 315 616 sunt?
339 571 446 615 Murcus.
459 567 514 614 Non
526 581 588 626 sane,
600 565 643 612 nisi
654 566 683 611 ob
695 579 721 611 eo
732 577 806 626 quem

135 633 211 680 modo·
220 632 345 690 nominari,
362 639 385 680 et
400 639 478 694 postea
491 646 506 678 a
519 645 605 694 magno
621 628 723 686 homine,
741 637 764 674 et
779 628 806 674 in

135 697 217 760 primis
228 697 325 759 erudito,
337 695 447 743 Peucetio.
464 695 528 742 Nom
539 702 633 757 veteres,
645 693 802 749 verbotenus,

136 770 202 810 acute
212 761 247 808 illi
258 760 360 824 quidem,
371 759 411 808 sed
421 774 468 806 non
476 758 578 806 adhunc
588 771 657 806 usum
668 755 805 818 popularem

136 833 206 888 atque
216 825 314 883 ciuilem,
322 824 360 872 'de
370 820 487 886 republicis
497 822 642 870 disserebant.
663 821 704 866 Ab
714 820 758 878 hoc
768 819 805 866 fo-

135 889 202 936 milis
212 888 286 950 magis
299 887 343 934 isto
356 887 489 946 manarunt,
505 887 602 933 Platone
612 883 720 948 principe.
746 882 805 931 Post

136 952 271 999 Aristoteles
280 951 402 998 illustravit
412 966 506 998 omnem
516 950 578 998 hunc
588 949 679 1001 civilem
686 947 714 1000 io
724 947 805 1010 dispu-

136 1015 206 1063 tando
216 1016 302 1074 locum,
318 1014 497 1077 Heraclidesque
513 1012 630 1073 Ponticus,
645 1011 764 1078 profectus
773 1013 806 1060 ob

136 1079 217 1128 eodem
235 1079 339 1126 Platone.
367 1077 540 1141 Theophrasors
557 1093 618 1136 νειο,
637 1076 755 1124 institutus
773 1077 805 1124 ob

135 1142 268 1202 Aristotele,
284 1143 397 1191 habitavit
410 1146 447 1196 (ut
461 1142 531 1201 scitis)
546 1142 571 1188 in
581 1157 608 1188 eo
618 1155 700 1203 genere
710 1154 804 1187 rerume

136 1209 167 1255 ab
175 1207 301 1271 eodemque
311 1206 435 1254 Aristotele
445 1206 533 1266 doctus,
545 1204 692 1257 Dicaearchus
702 1203 757 1251 huic
767 1219 806 1250 ro„

136 1271 194 1320 tioui
205 1272 326 1336 studioque
335 1285 382 1329 non
390 1270 470 1318 defuit.
488 1270 544 1318 Post
552 1286 566 1319 c
573 1269 732 1332 'I'heophrosto
741 1267 806 1314 Pho·

136 1337 212 1384 lereus
222 1335 261 1384 ille
271 1335 412 1396 Demetrius,
423 1325 452 1382 de
462 1349 509 1398 quo
519 1333 563 1382 feci
574 1349 643 1396 supro
653 1332 804 1392 mentionem,

137 1401 272 1448 mirabiliter
292 1401 419 1448 doctrinam
440 1415 469 1446 ex
491 1397 630 1446 umbraculis
651 1395 804 1457 emditorum,

137 1465 238 1528 otioque,
255 1480 302 1512 non
312 1465 381 1512 modo
391 1463 416 1510 in
424 1463 495 1510 solem
506 1472 575 1524 utque
584 1461 711 1524 pulverem,
728 1459 769 1507 sed
779 1460 805 1508 in

136 1529 146 1575 i
189 1544 214 1575 m
229 1527 350 1575 discrimen
364 1527 490 1589 aciemque,
501 1525 616 1589 produxit.
645 1525 709 1579 Nom
721 1531 744 1570 et
754 1539 805 1571 me·

154 1591 242 1638 'ocriter
251 1591 328 1638 doctos
338 1605 434 1652 magnos
445 1589 470 1636 in
480 1589 598 1658 rgpublicd
608 1588 676 1646 viros,
688 1596 711 1642 et
721 1587 806 1636 doctis-

135 1654 206 1702 simos
213 1653 317 1702 homines
327 1669 374 1701 non
384 1653 453 1700 nimis
463 1653 488 1700 in
498 1653 616 1718 republicis
621 1660 730 1716 perustos,
741 1652 806 1699 mul-

135 1726 171 1765 tos
185 1731 362 1765 conmemorare
375 1732 503 1780 possumus.
532 1708 584 1776 Qut
596 1721 649 1780 vg'ro
663 1716 763 1778 utrique
779 1731 805 1764 re

128 1780 263 1842 excelleret,
279 1789 307 1843 ut
321 1789 344 1826 et
358 1780 466 1828 doctrine
480 1781 561 1828 studiis
571 1789 594 1836 et
604 1779 703 1842 regendi
714 1779 806 1828 civitate

135 1843 240 1942 prinpeps
255 1851 321 1903 esset,
332 1843 384 1907 quis
394 1842 470 1902 faule,
481 1845 563 1906 P‘rceter
572 1844 644 1903 hunc,
654 1840 753 1897 inueniri
760 1859 805 1908 po·

169 1971 230 2019 vn.
247 1971 348 2018 Atticm
366 1971 428 2019 Puto
437 1987 512 2035 posse,
523 1978 546 2020 et
557 1971 651 2035 quidem
661 1971 764 2035 aliquem
775 1972 805 2020 de

135 2035 210 2084 tribus
220 2036 292 2084 nobis.
310 2036 356 2085 Sed
363 2051 440 2099 perge,
451 2045 478 2087 ut
489 2051 593 2100 cuperus
616 2037 719 2086 Morcus.
732 2036 805 2095 Quo-

136 2100 207 2148 situm
218 2100 288 2163 igitur
299 2102 328 2150 ob
339 2101 385 2148 illis
399 2109 440 2159 est,
452 2101 579 2163 placereme
589 2115 663 2150 uuum
674 2100 699 2147 in
714 2099 805 2148 cinno

136 2181 184 2214 esse
191 2164 360 2228 magistratum,
369 2165 406 2212 cui
414 2164 496 2228 reliqui
503 2166 626 2227 parerent?
638 2164 709 2228 quod,
719 2165 805 2212 exectis

136 2230 236 2291 regibus,
253 2229 356 2292 intelligo
370 2229 481 2292 placuisse
494 2228 576 2276 uostris
586 2228 719 2288 majoribus.
748 2229 804 2289 Sed,

136 2292 247 2354 quonium
258 2294 333 2356 regale
344 2292 439 2342 civitatis
449 2307 530 2354 genus,
541 2295 664 2356 probatum
675 2292 803 2355 quondam,

136 2365 222 2418 postu,
234 2372 280 2404 non
292 2366 340 2404 tom
350 2356 414 2420 regni
425 2372 496 2418 quom
506 2357 565 2419 regis
576 2357 644 2416 vitiis,
656 2357 804 2419 repudiatum

136 2427 185 2475 ests
203 2434 287 2466 nomen
297 2429 388 2470 tuntum
399 2419 512 2467 videbitur
526 2420 585 2484 regis
600 2420 755 2482 repudiatum,
767 2437 804 2468 res

136 2483 247 2543 monebit,
258 2484 277 2530 si
287 2499 348 2532 unus
358 2482 465 2534 omnibus
475 2483 568 2546 reliquis
576 2483 747 2546 magistratibus
757 2483 803 2531 im-

136 2546 231 2609 perabit.
259 2547 338 2605 Quare
354 2561 396 2595 nec
409 2547 488 2610 ephori
499 2547 663 2595 Lacedaemone
673 2547 723 2594 sine
734 2549 803 2595 cousl

135 2625 150 2657 a
164 2611 317 2674 Theopompo
331 2611 429 2674 opposio‘
439 2611 539 2674 regibus,
551 2627 601 2672 noc,
608 2611 675 2674 opud
685 2625 736 2668 nos,
747 2625 803 2658 oon-
