1858 2946
199 147 247 197 nn
263 146 514 209 DIVINATIONE,
525 147 586 196 hm.
597 145 619 195 1.
631 145 696 195 Csv.
708 145 748 192 dl.
777 144 810 192 te

178 279 197 306 “
209 277 326 337 Versibu',
338 293 395 343 ques
405 277 462 327 olim
472 276 549 326 nsunt
559 285 667 340 votaque
677 273 815 324 eoeneum

145 405 257 454 Similiter
272 406 375 454 Marcius
386 415 409 454 et
420 407 538 456 Publicius
549 416 611 455 votes
622 406 727 455 cecinisse
733 405 814 452 dicun-

147 481 201 518 tur:
220 487 267 534 quo
284 487 296 518 e
313 486 403 534 genere,
421 472 539 534 Apollinis
556 481 634 534 operte
650 471 739 534 prolato
753 478 814 517 sunt.

147 535 223 582 Credo
234 536 303 582 etiam
311 536 425 583 anhelitus
431 535 543 606 quosdam
554 535 623 583 fuisse
634 544 754 595 terrarum,
763 533 816 597 qui·

146 601 191 648 bus
202 599 287 650 inflate
297 609 385 647 mentes
394 601 486 648 oracula
496 599 625 648 funderent.

153 681 156 686 ·
181 663 226 710 LI.
243 669 324 726 Atque
334 664 383 711 haec
393 663 486 727 quidem
498 672 577 711 vatum
588 663 644 711 ratio
651 671 699 719 est3
717 677 758 710 nec
768 661 815 710 dis-

147 727 229 774 similis
239 743 294 776 sane
303 729 451 776 somniorum.
472 729 545 787 Nam,
557 743 609 790 quae
620 727 767 790 vigilantibus
777 742 815 774 ac-
871 781 873 786 .

149 791 230 839 sidunt
248 791 345 850 vatibus,
365 791 444 840 eadem
463 793 529 840 nobis
545 792 730 839 dormientibus·
745 790 817 853 Viget

148 855 211 903 enim
221 856 313 904 animus
323 857 346 903 in
359 856 452 915 somnis,
463 857 566 920 liberque
581 856 691 915 sensibus,
709 871 736 903 ae
752 855 816 902 omni

149 919 299 982 impeditione
313 937 429 980 commun,
444 922 533 981 jacente
550 929 573 968 et
585 929 677 968 mortuo
692 935 757 983 paene
768 935 817 966 cer·

148 985 212 1048 pois.
237 985 296 1044 Qui,
311 986 367 1048 quia
376 986 434 1033 vixit
444 987 474 1032 ab
484 985 547 1032 omni
562 985 693 1042 eternitate,
705 992 817 1033 versatus·

149 1064 196 1112 que
207 1057 241 1096 est
251 1064 305 1096 cum
316 1049 520 1098 innumerabilibus
528 1050 619 1107 animis,
631 1049 717 1109 omnia,
729 1064 781 1112 quae
791 1047 816 1094 in

148 1113 233 1160 nature
247 1128 324 1160 renim
339 1123 401 1174 sont,
417 1113 486 1174 videt,
499 1113 518 1160 si
532 1115 601 1162 modo
615 1113 745 1177 temperatis
762 1111 817 1159 escis

147 1176 290 1240 modicisque
301 1178 430 1241 potionibus
441 1178 473 1226 ita
484 1187 517 1226 est
527 1178 628 1236 affectus,
638 1187 673 1236 ut,
685 1177 758 1241 sopito
768 1191 818 1224 cor-

149 1257 214 1304 pore,
225 1241 274 1304 ipse
284 1242 370 1305 vigilet.
388 1243 446 1290 Haec
454 1243 587 1290 somniantis
593 1251 627 1290 est
636 1241 753 1290 divinatio.

168 1353 172 1360 ,
183 1306 233 1353 ch
243 1321 328 1369 magne
336 1307 442 1369 quaedam
453 1306 561 1367 exoritur,
572 1321 648 1370 neque
658 1321 685 1353 ea
699 1305 817 1364 naturalis,

149 1369 191 1416 sed
201 1369 329 1428 artificiosa,
341 1371 482 1419 somniorum
488 1370 640 1434 Antiphontis
648 1369 817 1432 interpretati03

148 1433 277 1496 eodemque
297 1434 367 1483 modo
384 1444 406 1483 et
421 1436 566 1483 oraculorum
584 1443 607 1482 et
623 1433 818 1480 vaticinationum.

149 1499 211 1546 Sunt
228 1499 290 1546 enim
302 1497 472 1562 explanatores,
490 1508 517 1547 ut
530 1497 674 1562 grammatici
690 1501 818 1560 poetarum.

149 1562 508 1627 Nam,utaurumetargentum,
516 1561 746 1620 ensemmnfrusrra
752 1569 820 1608 natu-

149 1642 177 1674 re
183 1627 261 1674 divine
269 1628 390 1690 genuisset,
402 1628 446 1676 nisi
454 1628 534 1676 eadem
542 1627 661 1685 docuisset,
670 1625 820 1689 quemadmo-

149 1690 209 1738 dum
217 1691 247 1738 ed
258 1707 338 1740 eorum
348 1707 416 1740 venas
424 1693 593 1757 perveniretur;
610 1707 652 1740 nec
659 1691 736 1754 fruges
745 1698 818 1752 terre,

149 1757 259 1804 baecesve
270 1756 386 1816 arborum,
397 1772 451 1804 cum
462 1757 559 1807 utilitate
570 1755 618 1803 ulls
628 1755 706 1818 genesi
716 1755 820 1802 humano

149 1819 258 1878 dedisset,
269 1820 314 1867 nisi
324 1836 403 1868 earum
414 1821 489 1868 cultus
500 1830 522 1868 et
530 1820 668 1870 conditiones
676 1819 819 1875 tradidisset;

145 1884 275 1931 materiave
289 1885 346 1947 quid
359 1885 458 1946 juvaret,
470 1886 513 1933 nisi
528 1885 672 1933 confectionis
683 1885 732 1945 ejus
748 1883 820 1930 fabri-

152 1963 204 1995 eam
214 1948 366 2005 haberemus3
384 1949 423 2008 sic,
434 1964 489 1997 cum
503 1950 568 1997 omni
581 1949 680 1996 utilitate
693 1963 764 2010 quam
777 1946 820 1994 Dii

151 2012 286 2060 hominibus
304 2012 423 2073 dedemnt,
435 2029 472 2060 ars
490 2014 568 2088 aliqua
586 2014 708 2074 conjuncte
722 2020 763 2070 est,
778 2027 820 2086 per

153 2091 226 2138 quam
236 2076 278 2124 illa
288 2077 374 2124 utilitas
384 2077 469 2140 percipi
479 2087 556 2142 pessit.
574 2077 634 2124 ltetn
642 2077 712 2139 igitur
718 2076 821 2135 sommis,

104 2157 106 2161 ’
153 2140 362 2199 vaticinationibus,
376 2142 480 2200 craculis,
494 2141 567 2204 (quod
579 2150 644 2189 erent
653 2143 729 2188 multa
739 2142 819 2188 obscu-

152 2217 188 2264 re,
200 2204 276 2252 multa
286 2205 405 2268 ambigua)
416 2205 585 2271 explanationes
598 2205 706 2254 adhibite
720 2213 774 2252 sunt
785 2205 822 2251 in-

153 2275 289 2330 terpretum.

188 2331 322 2391 Quomodo
333 2342 411 2381 autern
424 2341 465 2381 aut
475 2341 537 2382 vates
552 2343 593 2382 sut
604 2333 741 2382 somniantes
751 2347 778 2380 ea
789 2333 823 2382 vi-

153 2395 233 2455 deant,
261 2413 297 2446 uae
306 2412 421 2463 nusquam
432 2399 501 2446 etiam
513 2407 567 2446 tunc
575 2397 628 2459 sint,
635 2412 721 2460 nmgna
728 2398 824 2460 questio

153 2468 196 2506 est.
213 2461 230 2508 S
280 2463 397 2525 explorata
404 2462 423 2510 si
431 2463 476 2510 sint
484 2479 510 2510 ea
516 2479 569 2526 quse
577 2472 629 2510 ante
638 2461 710 2525 quaeri
716 2462 822 2520 debeant,

154 2523 202 2571 sint
215 2524 274 2583 hec,
286 2541 338 2587 que
354 2526 486 2590 querimus,
501 2527 609 2575 faciliore.
638 2526 746 2574 Continet
761 2524 824 2572 enim

147 2595 229 2636 totam
238 2588 299 2636 hanc
309 2590 458 2653 questionem
469 2607 496 2638 ea
506 2591 572 2650 ratio,
588 2605 641 2653 quae
656 2599 690 2637 est
700 2588 729 2634 de
741 2587 825 2633 naturh

145 2651 272 2712 'Deorum
283 2663 393 2717 queste
404 2655 502 2704 sectrndc
516 2655 575 2704 libro
591 2663 625 2702 est
639 2652 752 2716 explicata
764 2649 826 2700 ‹tilu-
