1858 2946
98 95 130 142 -i
171 93 218 144 on
234 93 484 157 omonimus,
500 94 561 144 im.
573 93 595 143 1.
607 93 707 144 crass

115 185 270 272 mundani?
285 224 410 288 presertim
418 223 514 284 numid,
526 224 555 272 ile
565 239 612 288 qno
619 223 723 272 Psnaetio
733 195 779 272 non

114 287 195 352 nqueo,
206 288 300 351 reliquis
310 288 411 348 eiusdem
423 289 547 352 dnnpunae
555 289 607 337 sons
615 287 667 336 iuoe
677 288 781 337 viseto
868 315 872 329 .

114 353 203 400 elutius.
228 353 274 400 Sed
288 353 337 400 haec
353 353 447 416 quidem
459 353 510 400 leus
524 353 657 401 Academiae
670 359 781 415 prestun-

114 417 197 474 tissimi
210 416 341 480 philosophi
353 417 440 478 judicio
454 426 477 464 et
491 417 620 465 testimonio
634 417 780 480 comprobate

115 489 193 593 eetlV.
210 543 305 592 Etenim
315 545 429 593 nobismet
438 545 492 608 ipsis
503 545 665 609 querentibus,
679 543 735 607 qnid
750 542 780 590 sit

113 607 143 656 ile
153 609 291 658 divinatione
300 609 452 670 judicandum
465 610 538 673 (quod
549 625 564 656 s
574 607 691 658 (luniende
705 607 781 654 multo

113 680 180 720 acute
190 681 213 720 et
223 674 311 736 copiose
321 682 399 720 contra
409 674 497 722 Stoicos
506 674 620 736 disputata
630 673 694 732 sint),
702 685 780 718 vereri·

114 735 229 800 fibusqne,
253 751 283 784 ne
300 745 385 785 temere
403 738 439 784 vel
457 737 520 784 falsie
541 737 582 794 rei,
606 737 642 785 vel
660 750 707 783 non
726 733 779 782 setis
803 747 808 761 ³

113 801 218 863 cognitis,
235 801 400 858 assentiemur3
419 797 550 848 fodendum
568 799 666 858 videtin,
682 807 709 845 ut
727 797 780 844 dili-

112 873 192 927 genter
202 865 271 912 etiam
282 873 351 927 atque
359 865 428 912 etism
436 875 570 926 arguments
577 879 631 910 cuin
640 862 780 925 argumentis

113 943 279 1039 Plpffii'li
286 925 781 1054 iifflubssoiisffibiiiiiiniffi

112 1055 182 1103 nibus
199 1055 223 1102 in
240 1057 309 1103 rebus
325 1055 439 1103 temeritas
455 1055 480 1101 in
497 1024 652 1114 ascendendo:
664 1069 779 1116 errorque,

113 1119 186 1182 tropis
197 1127 239 1179 est,
250 1127 302 1166 tum
316 1119 340 1164 in
355 1134 382 1166 eo
396 1119 446 1166 loco
459 1120 569 1179 maxime,
584 1118 781 1230 inffliojudicen·

113 1182 171 1230 dum
186 1191 228 1243 est,
244 1190 358 1246 quantum
373 1182 478 1246 auspiciis
492 1186 606 1246 rebusque
636 1183 711 1242 vinis,
728 1182 781 1230 reli·

114 1246 230 1310 giouique
247 1247 382 1295 tribuamus.
410 1247 454 1294 Est
468 1247 529 1295 enim
543 1247 679 1311 pentinum,
691 1261 720 1294 ne
731 1255 780 1307 sut,

115 1311 223 1373 neglectis
238 1311 274 1372 iis,
288 1310 362 1374 impii
374 1311 464 1374 froude,
478 1321 528 1373 sut,
543 1313 660 1376 susceptis,
675 1311 780 1360 unili'su·

114 1375 254 1438 positione,
261 1375 396 1440 obligemur.

148 1440 179 1488 V.
196 1439 291 1500 Quibus
307 1441 336 1488 de
352 1443 421 1488 rebus
435 1448 458 1488 et
471 1440 527 1488 ulios
541 1456 610 1504 saepe,
624 1448 647 1488 et
660 1441 730 1503 paulo
744 1455 782 1489 ce·

115 1505 216 1552 mintius
226 1519 308 1566 nuper,
321 1519 374 1551 suin
385 1519 456 1552 essem
467 1519 521 1552 cum
531 1503 563 1563 Q.
574 1505 644 1552 fratre
654 1504 679 1550 in
689 1504 780 1550 'Fuscu-

114 1567 177 1628 luno,
193 1567 336 1630 disputatum
351 1575 391 1614 est·
415 1567 488 1626 Nam,
504 1583 557 1615 sum
568 1567 702 1615 ambulandi
712 1566 781 1614 must

114 1631 139 1676 in
150 1631 254 1694 Lyceum
265 1630 411 1689 venissemus,
421 1630 459 1684 (iil
469 1631 531 1678 enim
541 1631 650 1693 superiori
660 1629 781 1692 gymnasio

115 1708 200 1742 nomen
217 1701 260 1753 est)
278 1693 377 1756 Perlegi,
395 1693 471 1758 inquit
487 1695 534 1754 ille,
552 1703 620 1741 tuum
639 1695 708 1758 puulo
727 1702 781 1742 ante

115 1757 209 1806 tertium
225 1760 242 1786 “
253 1757 282 1804 de
293 1757 385 1806 Nature
398 1757 502 1805 Deorum
510 1757 536 1816 3⁹⁹
552 1757 577 1806 in
594 1773 640 1821 quo
657 1757 780 1821 disputabo

116 1821 198 1881 Cottio,
234 1834 360 1884 uamquam
378 1820 522 1870 labefactavit
541 1821 675 1870 sententium
693 1837 779 1882 meam,

114 1899 161 1932 non
171 1885 214 1932 lun
238 1893 275 1932 tus
285 1892 363 1936 temen
373 1885 472 1932 sustulit.
496 1885 592 1949 Optime
603 1901 664 1946 vero,
674 1886 778 1949 inquam.

105 1948 210 1998 ¹Etenim
220 1949 269 2012 ipse
279 1948 348 1996 Cotti
358 1948 389 1996 sic
399 1947 509 2012 disputet,
522 1958 549 1997 ut
563 1951 692 2007 Stoicorum
705 1951 780 2014 magis

104 2021 251 2075 tigamenta
264 2012 374 2073 constitet,
389 2029 461 2124 {ipim
474 2014 596 2062 hominum
606 2015 681 2062 deletu
690 2014 781 2076 religio-

115 2091 176 2124 nem.
193 2077 258 2123 Tum
270 2075 381 2136 Quintus,
416 2077 482 2126 'citur
489 2078 583 2142 quidem
592 2078 659 2140 istuc,
670 2079 754 2143 inquit,
766 2094 781 2125 o

114 2139 192 2199 cont,
208 2149 232 2188 et
250 2156 302 2189 vero
321 2141 419 2204 saepius3
443 2142 517 2202 credo,
533 2157 563 2189 ne
579 2143 710 2190 communio
726 2143 779 2202 jure

113 2204 211 2267 migrare
227 2204 345 2252 videatur:
363 2206 411 2266 sod,
428 2206 503 2254 studio
517 2215 597 2255 contra
608 2207 695 2254 Stoicos
708 2205 779 2256 disse·

112 2269 186 2328 rendi‚
202 2268 265 2317 Deos
275 2268 333 2316 mihi
344 2268 432 2317 videtur
442 2269 547 2318 funditus
556 2271 641 2317 tollere.
658 2269 717 2330 Ejus
728 2284 778 2316 orii-

112 2333 177 2393 tioni,
193 2347 239 2381 non
258 2348 312 2381 saue
330 2333 440 2394 desidero,
457 2334 520 2397 quod
538 2334 701 2396 respondeam:
723 2333 777 2381 setis

111 2397 173 2445 enini
183 2397 275 2446 defense
284 2396 364 2472 religio
374 2407 408 2446 est
422 2397 446 2444 in
461 2397 559 2446 secundo
574 2397 633 2445 libro
643 2413 658 2444 e
669 2396 776 2454 Lucilios,

109 2461 677 2589 iieosinnss
688 2460 776 2574 so>

661 2540 728 2638 opius
737 2605 764 2638 ει

108 2588 661 2654 niissumeetinillislibris,oredo,quiscomm
765 2617 777 2632 -

890 1929 917 1956 ⁴<

903 1975 917 2034 i
