1856 2952
149 133 198 183 sse
343 130 564 185 PARADOXON
579 129 628 180 1v-.·

87 229 90 240 .
148 259 210 318 labi,
219 266 243 308 te
252 275 346 324 ponente
355 259 435 310 dices?
445 260 549 309 nostum
559 272 606 314 non
616 255 685 306 sudio
695 257 721 306 iu
731 257 826 322 ungine

134 325 172 388 ¹in
188 324 242 371 vitae
259 325 364 373 societate
379 325 473 372 sudium
488 325 570 383 civem,
584 321 662 385 digitis
676 331 770 386 petente
785 321 828 370 di.

148 388 280 436 metientem
296 392 356 438 sua?
373 406 426 452 quae
443 389 462 437 si
477 389 525 437 visa
541 397 596 436 sunt
611 387 722 446 breviora,
733 387 828 436 leviore
913 389 914 404 ¹

148 455 195 564 gui
205 453 292 516 possint
307 454 386 512 videri,
398 470 461 531 pum,
472 452 828 564 qpidquitrldipppsecpturgrtplerrlpptra

150 528 827 644 atttestittttzttzmtmnpinni,qs,

150 647 225 710 magis
235 646 397 710 peccari-posse
408 647 519 695 videatur.

372 846 540 884 Pnltnnoxon·
557 849 596 884 IV·

311 963 361 1010 ‘ora
373 980 418 1016 πας
428 973 501 1024 appan
510 981 619 1023 μαινεται.

312 1026 415 1074 Omnem
426 1027 523 1074 stultum
534 1027 639 1075 insanire
725 1027 728 1036 '

180 1157 233 1220 Ego
248 1172 300 1207 vero
322 1165 355 1216 te,
373 1172 418 1204 non
433 1157 531 1204 stultum
553 1159 590 1211 (ut
608 1165 687 1220 saepe),
708 1171 757 1206 non
774 1159 822 1208 im·
913 1199 914 1202 ,

149 1223 249 1285 probum
261 1225 298 1276 (ut
307 1231 416 1285 semper),
428 1222 467 1270 sed
477 1221 607 1270 dementem
620 1231 644 1269 et
657 1222 774 1282 insanum,
786 1240 824 1272 re·
913 1239 914 1250 ¹

150 1287 194 1334 bus
204 1286 295 1334 vincam
309 1287 444 1334 necessariis.
468 1286 582 1348 Sapientis
596 1286 687 1334 enimus
701 1287 823 1350 magnitu-

150 1349 205 1398 dine
214 1351 310 1412 consilii,
322 1351 442 1399 mleranni
451 1365 529 1398 rerum
541 1351 706 1412 humansrum,
717 1361 823 1401 euntem.

150 1415 213 1463 tione
228 1415 334 1476 fortunae,
345 1415 468 1464 virtutibus
481 1413 581 1478 denique
594 1416 710 1475 omuibus,
721 1425 750 1465 ut
763 1431 823 1465 moea

150 1480 227 1538 nibus,
246 1487 331 1543 septus,
349 1480 460 1538 vincetur,
482 1487 505 1526 et
526 1479 704 1542 expugnabitur,
726 1480 769 1544 qui
789 1497 822 1530 ne

150 1544 241 1591 civitate
252 1545 346 1607 quidem
356 1544 412 1607 pelli
422 1545 514 1606 potest?
531 1542 592 1601 Quae
603 1553 637 1592 est
647 1544 709 1592 enim
719 1544 820 1594 civitas?

150 1607 264 1655 Omnisne
281 1616 405 1655 conventus
420 1608 490 1654 etiam
507 1607 608 1655 ferorum
624 1616 647 1656 et
659 1608 820 1658 immanium?

149 1671 254 1718 omnisne
265 1671 333 1718 etiam
344 1670 495 1733 fugitivorum
511 1687 537 1718 ee
550 1672 668 1719 latronum
682 1683 820 1736 congregate

149 1749 224 1781 uuum
243 1735 267 1781 in
286 1736 364 1782 locum
382 1735 526 1782 multitudo?
550 1736 617 1784 Certe
635 1736 736 1798 negabis
761 1738 820 1785 Non

149 1796 220 1859 igitur
237 1806 285 1846 eret
301 1799 342 1846 ille
359 1809 410 1847 tum
427 1794 514 1860 eivites,
530 1814 584 1846 cum
600 1800 662 1864 leges
677 1800 702 1848 in
718 1800 745 1848 ei
760 1801 820 1850 nihil

149 1861 271 1919 valebant3
292 1878 345 1910 eum
357 1862 444 1924 judicia
456 1865 578 1925 jacebant3
598 1880 651 1912 cum
666 1879 717 1912 mos
730 1865 820 1928 patrius

148 1925 275 1990 (inciderem
293 1943 356 1987 eum,
371 1927 431 1976 ferro
446 1928 519 1992 pulsis
533 1929 712 1990 magistratibus,
728 1933 820 1978 senatus

148 2004 233 2038 nomen
247 1991 272 2038 in
287 1991 403 2056 republicis
417 2008 463 2040 non
480 2002 535 2040 eret.
559 1993 700 2042 Praedonum
714 1992 755 2041 ille
764 2009 820 2042 eon-

149 2069 236 2114 cursus‚
248 2064 280 2114 et,
291 2065 313 2104 te
324 2056 390 2116 duce,
404 2056 549 2105 latrocinium
563 2056 588 2104 in
599 2057 648 2104 foro
659 2057 822 2120 eonstitutum,

149 2127 173 2166 et
183 2119 285 2183 reliquiae
299 2121 461 2183 conjurationis
476 2137 490 2168 e
505 2121 613 2169 Catilinas
626 2121 692 2170 furiis
706 2121 736 2170 nd
750 2131 820 2172 tuum

149 2183 222 2230 scelus
232 2183 379 2249 furoremque
390 2200 510 2244 eonversae,
518 2200 565 2233 non
576 2185 654 2234 civitas
664 2194 720 2234 eret.
736 2186 824 2250 Itaque

150 2247 231 2309 pulsus
242 2263 284 2310 ego
295 2249 385 2296 civitate
399 2265 445 2298 non
456 2265 517 2310 sum,
529 2265 582 2313 quse
591 2250 657 2298 nulls
667 2258 729 2298 eret:
747 2267 820 2300 mnes·

149 2310 206 2358 situs
217 2311 242 2358 in
253 2311 367 2361 civitatem
377 2329 437 2374 sum,
453 2329 505 2362 cum
522 2322 579 2362 esset
590 2314 619 2361 iu
633 2312 751 2378 republicis
765 2331 819 2364 eon-

150 2373 195 2433 sul,
207 2375 250 2438 qui
264 2384 315 2424 tum
330 2378 408 2425 nullus
421 2377 512 2434 sueret3
529 2385 587 2426 esset
601 2387 700 2438 senatus,
712 2379 754 2442 qui
768 2389 819 2428 tum

150 2439 276 2496 occiderem
295 2449 352 2488 esset
362 2457 483 2490 censensus
497 2443 578 2505 populi
592 2443 674 2500 liberi;
691 2452 749 2490 esset
761 2443 825 2506 juris-

150 2509 173 2548 et
184 2503 298 2578 equitatis
309 2508 372 2568 (quae
382 2506 474 2554 vincula
484 2514 539 2554 sunt
549 2507 656 2567 civitatis)
667 2507 820 2570 repetinme·

150 2578 230 2613 mons.

179 2629 218 2676 Ae
229 2630 289 2692 vide,
300 2647 372 2696 quem
382 2631 823 2696 istatuilntroeiniitelsenntemsemu„
