1858 2946
11 124 16 150 t

188 153 235 210 DE
247 158 498 222 DIVINATIONE,
510 159 572 212 Ine.
581 161 601 211 1.
615 161 678 212 Onu.
687 161 725 212 43.
757 163 790 220 37

124 297 210 351 tutem,
234 300 257 339 et
274 287 366 352 Pisidae,
387 301 410 340 et
431 289 521 351 chloes,
544 299 566 340 et
587 292 695 340 Arabum
718 291 790 350 natio,

10 357 30 368 ’
122 356 200 403 svium
228 357 431 418 significationibus
457 357 585 419 plurimum
616 359 789 420 obtemperante

122 421 184 482 quod
200 419 262 467 idem
278 420 406 468 fnetiunum
422 420 447 466 in
464 421 563 468 Umbrii
579 421 714 484 decepimus.

154 485 240 531 XLII.
257 486 295 532 Ac
309 485 367 531 mihi
383 484 476 547 quidem
488 485 593 532 videntur
610 485 687 533 eloris
698 500 791 560 queque

122 549 184 612 ipsis,
203 549 245 612 qui
261 565 276 596 s
293 549 423 612 quibusque
438 549 603 606 merdebantur,
621 549 789 596 divinationum

122 613 302 676 opportunitates
310 628 357 660 esse
365 613 446 660 ductae.
463 613 558 660 Etenim
567 614 673 676 AEgyptii
680 623 703 662 et
711 615 790 677 Beby·

121 677 186 736 lonii,
197 677 222 724 ln
234 691 368 758 camqrerum
379 677 507 740 patentium
516 676 645 740 aequoribus
652 677 789 735 habitantes,

122 753 176 788 curn
194 757 223 789 ex
240 749 300 788 terra
318 741 377 788 nihil
394 741 503 788 emineret
524 741 586 804 qued
605 741 791 805 contemplationi

122 806 172 853 eoeli
182 806 271 854 officere
280 811 364 869 posset,
376 818 467 852 omnem
479 819 558 852 eurem
566 805 589 852 in
602 805 702 852 siderum
713 807 792 868 cogni-

10 869 26 886 '
122 870 183 917 tione
194 878 326 934 posuerunt.
343 867 436 917 Etrusci
447 878 533 927 sutem,
545 867 616 933 quod,
628 869 737 933 religione
746 871 791 917 irn-

123 934 181 994 bufi,
194 935 317 982 studiosius
330 945 352 982 et
367 934 467 982 crebrius
477 934 562 980 hostias
577 934 737 992 immolabant,
750 948 791 982 ex·

121 1007 199 1046 torum
214 998 338 1062 cognitioni
352 1013 375 1046 se
389 999 491 1046 maxime
505 998 654 1046 dediderunt:
672 999 789 1062 quodque,

61 1099 65 1108 .
122 1071 215 1126 propter
228 1064 285 1110 aeris
297 1063 476 1121 aeserunium,
488 1062 518 1110 de
528 1064 583 1110 coelo
594 1063 656 1126 apud
667 1077 704 1110 eos
715 1065 790 1110 multu

121 1127 216 1188 flebant,
228 1136 251 1175 et
261 1127 324 1190 qnod
334 1130 364 1175 ob
375 1127 479 1174 eumdem
491 1141 582 1174 causam
593 1128 668 1174 multa
681 1127 791 1175 inusitata

122 1193 207 1255 partim
227 1207 240 1239 e
259 1193 323 1248 ursle,
341 1191 387 1238 aria
402 1206 431 1238 ex
450 1191 510 1238 terri
527 1191 664 1250 oriebantur,
683 1193 790 1254 quedem

121 1253 193 1304 etiam
209 1271 238 1303 ex
254 1256 376 1303 hominum
394 1256 537 1318 pecudumve
555 1265 665 1319 conceptu
683 1265 706 1303 et
723 1266 790 1314 setu;

120 1328 263 1370 ostentorum
289 1317 468 1367 exercitatissimi
494 1319 626 1382 interpretes
648 1320 790 1368 exstiterunt.

122 1384 232 1442 Quorum
243 1384 337 1447 quidem
351 1383 400 1430 vim
415 1386 452 1436 (ut
463 1392 488 1430 tu
500 1384 557 1432 soles
568 1383 652 1442 dicere)
663 1386 732 1431 verbe
741 1385 791 1446 ipsa

121 1441 247 1510 prudenter
261 1465 276 1495 a
289 1447 414 1508 majoribus
428 1448 504 1510 posite
516 1447 646 1494 declarant:
664 1447 718 1510 quia'
729 1448 791 1494 eninr

121 1513 255 1571 ostendunt,
273 1512 420 1576 portendunt,
438 1519 574 1569 merserunt,
592 1509 735 1574 predicunt;
756 1527 792 1560 os·

120 1583 194 1634 tenta,
205 1585 319 1640 portenta,
331 1585 441 1634 menstra,
452 1575 557 1639 prodigia
567 1576 682 1622 dicuntur.

154 1641 246 1688 Arabes
261 1650 347 1699 autem,
363 1649 386 1687 et
401 1639 505 1704 Phryges
515 1648 538 1687 et
549 1640 639 1698 cilices,
652 1640 713 1706 quod
724 1650 792 1704 pastu

120 1705 239 1768 pecudum
249 1705 352 1752 maxime
362 1713 468 1763 utuntur,
481 1719 573 1767 campus
584 1715 607 1752 et
617 1713 705 1753 montes
716 1706 792 1754 hieme

120 1778 146 1816 et
154 1776 231 1817 testate
239 1777 392 1833 peragrantes,
402 1777 521 1832 propterea
528 1769 617 1817 facilius
625 1779 704 1816 cantus
713 1771 791 1818 svium

120 1841 144 1880 et
160 1835 250 1882 volatus
263 1841 417 1881 notaverunt:
438 1833 517 1881 eedem
533 1849 563 1881 ue
578 1843 601 1881 et
616 1834 708 1881 Pisidia
723 1849 792 1883 ceusu

119 1897 176 1958 fuit,
188 1906 211 1945 et
220 1899 275 1946 huie
287 1906 369 1945 nostrae
378 1897 489 1945 Umbriae.
510 1850 575 1946 ‘llum
587 1898 655 1946 Curia
665 1907 721 1957 totu,
732 1915 792 1962 prae-

10 1977 24 1988 ³
119 1962 235 2026 cipueque
257 1963 394 2021 Telmesses,
414 1977 472 2025 quos
494 1972 546 2010 ante
565 1963 622 2022 dixi,
642 1963 705 2038 quod
726 1979 792 2026 egres

120 2027 250 2074 uberrimos
268 2026 417 2090 maximeque
433 2025 518 2075 fertiles
536 2027 647 2085 Incolunt,
664 2041 688 2074 m
708 2028 793 2091 quibus

119 2091 198 2138 multa
212 2100 305 2155 propter
319 2086 482 2138 fecunditatem
497 2091 554 2154 fingi
567 2091 678 2155 gignique
687 2103 792 2154 possunt,
825 2121 830 2132 ·

119 2155 145 2203 In
157 2156 253 2203 ostentis
262 2155 468 2202 animadvertendis
478 2155 597 2218 diligentes
607 2156 707 2203 fuerunt.
726 2179 729 2184 ·

154 2220 256 2267 xmrr.
273 2219 334 2278 Quis
347 2233 401 2266 vero
415 2229 462 2266 nen
477 2213 547 2278 videt,
558 2221 582 2266 in
596 2221 684 2284 optimi
699 2221 792 2284 quique
894 2243 901 2265 t

120 2285 242 2348 republicis
260 2284 389 2348 plurimum
408 2284 509 2346 ampieie
528 2285 655 2347 etreliqua
674 2285 792 2332 divinandi

121 2364 208 2412 genere
218 2349 335 2396 valuisse?
353 2348 413 2428 Quis
424 2359 465 2428 rex
476 2354 580 2423 unquam¹
591 2349 645 2424 fuitq
656 2349 708 2430 quis
718 2362 793 2412 popu.

121 2413 168 2470 lus,
189 2413 231 2476 qul
250 2427 297 2460 non
315 2421 418 2460 uteretur
436 2412 581 2476 praedrehone
600 2413 696 2460 divina?
719 2428 794 2477 neque

10 2519 20 2532 ,
122 2477 234 2524 solum'in
246 2493 310 2540 pace,
323 2477 361 2524 sed
372 2477 468 2524 inbelle
479 2478 553 2524 multo
564 2477 633 2524 etiam
648 2477 730 2541 magis,
746 2493 794 2540 quo

122 2543 204 2602 majus
218 2549 267 2589 erut
284 2549 398 2588 certamen
415 2549 438 2588 et
452 2541 573 2588 discrimen
588 2542 675 2590 salutis.
703 2541 795 2587 Omitte

121 2615 220 2663 nostres,
230 2606 271 2669 qui
279 2605 373 2652 nihilin
383 2605 445 2653 bello
456 2605 504 2652 sine
515 2605 573 2652 extis
584 2615 665 2667 agunt,
677 2603 735 2649 nihil
746 2603 795 2650 sine

123 2669 232 2733 auqrieiis
243 2669 307 2717 domi
316 2671 410 2718 hebent.
433 2669 545 2733 Ausp'miu
559 2677 653 2716 externa
668 2666 793 2713 videamus.

159 2735 274 2790 (Pluton)
286 2748 349 2784 von.
363 2747 401 2782 rv.
583 2744 601 2780 n
