1862 2964
229 129 693 212 unossrcus,‘mn.·11.cn.e
720 145 721 150 ¹
748 135 795 188 ter

108 265 110 268 ’
126 256 258 330 poie'siue
270 259 392 314 bominum
406 264 484 330 operi,
501 261 797 330 entpnseere'et'e'erltde-

127 343 201 389 mete,
218 338 259 377 sut
273 331 340 390 tueri,
355 337 397 378 eut
410 329 556 406 tempestivos
567 329 656 377 fruetus
669 344 699 378 ex
713 329 749 377 his
760 343 798 377 ee·

126 393 797 522 fflfflfflllffllsliidluipiffii

143 581 150 594 ο
161 519 228 578 Quid
238 536 370 570 enumerem
378 521 463 570 artium
470 520 651 578 multitudinem,
660 521 707 568 sine
714 521 799 585 quibus

127 591 177 630 erte
187 585 282 634 omnine
291 587 357 634 nulle
367 601 414 634 esse
428 585 556 648 potuisset?
579 583 640 641 Quis
654 584 716 631 enim
731 584 798 647 egris

126 649 279 698 subveniret?
302 665 355 714 quie
373 657 431 697 esset
448 647 569 696 oblectatio
586 647 733 696 valentium?
756 648 798 711 qui

127 709 211 772 vietus,
222 722 263 761 unt
274 714 368 762 cultus?
384 712 428 760 nisi
443 721 492 760 tem
506 710 586 758 multe
601 710 666 758 nobis
681 719 740 759 artes
752 711 798 758 mi-

128 775 264 824 nienarent=
278 777 363 840 quibus
373 779 441 824 rebus
451 776 550 834 exerite,
561 774 682 823 hominum
691 775 739 823 vita
747 784 798 823 tun-

127 846 181 887 tum
195 840 265 889 distat
279 857 293 888 a
307 841 369 888 vietu
384 849 407 888 et
419 841 483 888 cultu
493 839 625 907 bestiarum.
648 839 724 887 Urbes
734 855 798 899 vere,

127 903 178 951 eine
194 904 316 952 hominum
335 901 465 964 eoenr,'non
484 905 611 968 potuissent
630 915 672 952 nec
692 903 799 952 edificari

128 980 172 1015 nee
182 967 336 1032 frequentari:
354 984 383 1018 ex
394 985 440 1033 que
450 969 520 1031 leges,
531 983 651 1031 moresque
665 969 797 1026 constitutis
844 961 846 972 ’

128 1039 181 1080 tem
195 1033 254 1093 juris
270 1047 337 1096 eque
351 1031 480 1096 descriptio,
499 1041 604 1096 certeque
621 1032 712 1081 vivendi
731 1031 798 1080 disei-

127 1095 207 1158 pliner
222 1111 280 1160 ques
290 1111 326 1144 res
335 1103 359 1154 et
368 1097 520 1144 mansuetudo
530 1097 661 1144 animorum
669 1103 797 1156 eonsemtn,

127 1167 153 1206 et
162 1159 298 1208 verecundis
308 1157 357 1218 esti
373 1160 532 1223 effectumque,
546 1168 574 1208 ut
588 1167 646 1208 esset
659 1160 707 1207 vite
718 1160 797 1208 muni·

128 1221 191 1278 tiore
214 1232 284 1288 etque
297 1233 334 1284 ut,
350 1224 427 1272 dando
443 1233 465 1272 et
480 1224 618 1287 accipiendo,
634 1223 798 1288 mutandisque
898 1250 901 1256 ·

128 1285 277 1337 facultatibus
287 1297 311 1336 et
320 1288 454 1348 eommodis,
466 1288 531 1336 nulle
541 1303 566 1336 re
576 1302 701 1355 egeremus.

161 1351 193 1400 V.
210 1352 337 1416 laongiores
350 1353 394 1400 hoc
408 1353 458 1400 loeo
472 1365 560 1412 sumus,
573 1366 644 1425 quern
656 1365 745 1399 neeesse
755 1358 797 1399 est.

128 1413 191 1474 Quis
203 1425 238 1464 est
251 1417 322 1477 enim,
334 1413 372 1464 eui
381 1431 428 1464 non
438 1415 557 1480 perspicue
567 1422 612 1462 unt
622 1415 670 1474 illu,
682 1429 734 1478 quae
744 1415 798 1478 plu·

126 1479 192 1528 ribus
207 1480 282 1530 verbis
299 1497 314 1529 a
330 1480 433 1528 Penaetio
448 1486 663 1539 eommemorentur,
680 1479 797 1528 neminem

127 1557 203 1608 neque
221 1545 304 1593 ducem
320 1542 409 1608 [belli‚]
424 1559 467 1592 nee
481 1543 608 1607 principem
618 1541 797 1606 dorni,.mngnee

127 1621 164 1655 τω
181 1617 204 1655 et
221 1608 338 1668 seluteres,
355 1608 403 1656 sine
418 1608 540 1656 hominum
556 1607 644 1666 studiis,
661 1622 738 1670 gerere
753 1619 798 1671 po.·

127 1671 795 1732 misselcommemorenturabeoTbemistocles,Perielee,

129 1735 213 1802 Cyrus,
266 1736 358 1802 esilbns,
372 1737 515 1796 Alexander,
543 1751 584 1784 uos
598 1745 675 1798 negat,
691 1735 740 1783 eine
754 1736 796 1784 sd·

125 1799 237 1860 jumentis
264 1800 378 1858 ominum,
390 1799 465 1848 tentes
475 1813 511 1848 res
558 1815 607 1848 cere
617 1800 724 1864 potuisse.
741 1801 796 1849 Uti-

22 1871 30 1888 ·
127 1872 174 1923 tur,
185 1864 211 1911 in
221 1879 246 1912 re
256 1879 303 1912 non
314 1864 500 1924 dubii‚·testibue
510 1879 557 1912 non
568 1863 714 1912 necessariis.⁴

159 1928 185 1976 A
212 1943 250 1988 ue,
261 1936 289 1975 nt
298 1943 395 1992 maguus
404 1928 513 1977 utilitates
524 1928 705 1991 adipiscimureo
748 1927 795 1976 ire·

127 1991 189 2039 tione
216 1992 322 2040 uminum
332 2001 530 2056 etquemnsensu,
543 1991 649 2039 sienulle
661 1999 710 2038 tam
737 2001 795 2039 etes-

127 2055 204 2104 tebilis
214 2057 283 2118 pestis
295 2065 336 2116 est,
364 2073 401 2104 uae
411 2070 458 2104 non
467 2054 556 2103 homini
567 2057 596 2102 eb
608 2054 702 2102 homine
716 2069 795 2102 nesce-

127 2127 173 2167 tur.
193 2119 241 2167 Est
254 2120 288 2168 Di
376 2121 381 2132 '
396 2120 454 2167 liber
464 2119 494 2166 de
503 2117 596 2165 interitu
607 2117 737 2175 bominum,
749 2119 796 2166 Pe.

126 2182 239 2248 ripatetiei
257 2185 337 2248 megnl
356 2192 379 2232 et
399 2182 500 2246 eopiosi,
523 2182 572 2245 qui,
593 2181 690 2231 eollettls
709 2181 795 2230 ceteris

127 2247 209 2308 censis,
227 2248 347 2307 eluvionis,
366 2246 509 2312 pestilentie,
526 2244 645 2301 vastitatis,
663 2244 794 2294 belluarum

127 2310 197 2359 etiem
208 2311 331 2375 repentine
341 2311 496 2360 multitudinis
507 2313 616 2374 (querum
631 2307 719 2371 impetu
727 2309 794 2358 docet

126 2375 234 2438 quedam
252 2377 374 2424 hominnm
392 2391 475 2439 genere
493 2389 540 2422 esse
561 2381 699 2432 consumta),
710 2373 793 2422 deinde

125 2449 251 2501 eomperet,
263 2448 350 2502 quante
363 2441 442 2504 plures
454 2438 523 2487 deleti
539 2437 584 2485 eint
599 2435 703 2484 hemines
717 2437 796 2484 hemi-

125 2516 184 2549 num
199 2502 297 2576 impetn,
313 2503 395 2561 idest,
411 2503 477 2552 bellie
492 2509 533 2550 eut
548 2501 704 2562 seditionibus,
720 2514 793 2567 quem

124 2565 189 2614 emni
199 2567 289 2631 reliqui
298 2567 434 2624 &minute-
622 2568 633 2588 ·’
670 2618 675 2624 ,
722 2609 725 2616 .
791 2600 797 2606 =
