1864 2958
280 129 335 192 DE,
348 132 563 194 ὃΕΝΕΟΤῑῙΤΕ,
580 133 643 182 Gar.
656 137 686 182 a'
767 135 816 190 Βῆ

139 269 203 312 nota
219 262 398 326 eruensquibus
413 276 452 310 me
469 277 532 312 nunc
545 263 657 326 memplis
674 262 710 310 uti
726 261 815 310 videtis.

140 325 220 386 and
231 342 284 374 cum
295 326 372 374 fecisse
383 327 499 373 Socratem
513 327 537 372 in
550 325 634 374 fidibus
645 327 816 386 suthewel-

140 391 195 439 lem
210 390 318 454 equidem
332 398 355 437 et
369 390 429 437 illud
443 390 569 444 (discebant
583 391 645 437 enim
659 390 743 438 fidibus
757 390 817 438 anti·

142 455 216 520 qui)=
234 454 273 502 sed
283 454 308 501 in
318 453 389 501 literis
400 462 459 502 certe
469 454 589 502 elaboravi.

181 519 230 566 IX.
248 519 287 566 Ne
301 533 363 565 nune
375 517 469 581 quidem
480 518 538 566 vires
548 517 650 565 desidero
660 517 815 577 adolescentis,

145 583 179 640 iis
190 583 253 630 enim
264 591 312 629 eret
321 583 386 629 locus
394 583 450 629 alter
458 581 487 629 dc
494 581 555 629 vitiis
563 582 692 638 senectutis)
701 597 746 628 non
755 583 816 644 plus,

146 662 231 770 ὅππη,
242 646 380 704 adolescens,
396 646 457 693 tauri
470 654 511 693 aut
525 645 640 708 elephanti
653 645 817 693 desiderabam.

174 709 223 758 uod
233 719 274 768 cst,
287 725 313 757 eo
323 709 387 757 decet
398 710 446 766 uti3
461 718 491 768 et,
503 709 617 772 quidquid
627 724 689 771 agas,
702 725 768 771 agere
776 724 817 772 pro

146 774 244 822 viribus
261 773 322 832 Quae
333 774 395 820 enim
405 788 450 820 vox
458 782 587 837 potestesse
595 773 737 831 contemtior‚
747 788 818 836 quam

148 838 249 888 Milonis
268 838 427 885 Crotoniates?
450 838 500 901 qui,
521 852 575 884 cum
594 839 644 900 jam
663 851 732 884 senex
751 846 817 897 esset,

148 903 294 976 athletasque
311 917 334 948 se
350 902 375 949 in
393 901 504 976 curriculo
522 911 651 977 exercentes
668 900 820 975 videretled-

149 982 227 1078 {eff
225 982 251 1078 t}
260 966 358 1092 Ἥ
364 981 422 1090 ⁸1³¹er
427 966 522 1078 (Ἢ
526 964 818 1078 &thesbites

149 1093 197 1154 isti,
209 1109 280 1157 quam
291 1102 317 1140 tu
328 1093 384 1156 ipse,
398 1103 510 1156 nugatori
528 1109 602 1156 neque
616 1094 678 1142 enirn
693 1109 722 1140 ex
737 1102 760 1141 te
775 1108 819 1140 un.

153 1209 156 1216 ,
167 1174 223 1206 uam
234 1174 257 1206 es
268 1158 408 1216 nobilitatus,
420 1157 460 1204 sed
471 1173 499 1204 ex
510 1157 618 1205 lateribus
630 1166 653 1205 et
666 1157 754 1206 lacertis
765 1158 818 1204 tuis.

179 1223 220 1270 ihil
231 1224 255 1271 S.
267 1221 345 1269 AElius
355 1221 408 1279 tale,
420 1220 478 1267 nihil
489 1220 568 1268 multis
579 1222 644 1268 annis
655 1229 708 1268 ante
723 1221 761 1267 Ti.
774 1222 820 1269 Co-

153 1286 285 1346 runcanius,
303 1285 362 1332 nihil
377 1285 446 1332 modo
464 1285 492 1332 P.
505 1285 616 1340 Crassus3
639 1300 653 1331 a
685 1285 753 1331 uibus
766 1286 821 1344 jura
904 1287 906 1294 “

153 1349 649 1458 civibuspraescribebanturequorumusque
691 1357 820 1396 extremum

155 1416 260 1480 spiritum
271 1422 305 1462 est
314 1421 420 1476 provecta
429 1428 473 1475 pru
489 1412 558 1460 entia.

187 1479 279 1536 Orator,
290 1486 378 1536 mono,
389 1491 418 1524 ne
428 1477 562 1540 languescet
571 1483 699 1523 senectute:
715 1482 749 1522 est
759 1475 821 1522 enirn

156 1559 241 1594 munus
251 1543 301 1602 ejus
311 1556 358 1589 non
368 1541 455 1604 ingenii
465 1541 549 1599 solum,
560 1539 600 1588 sed
610 1539 708 1587 laterum
719 1539 788 1586 etism
799 1549 822 1588 et

157 1608 249 1664 ¹virium.
271 1606 375 1655 Omnino
390 1620 499 1654 canorum
513 1604 572 1652 illud
585 1604 610 1652 in
623 1619 677 1652 voce
688 1600 823 1666 splendescit

158 1671 235 1731 etiam,
246 1670 320 1718 nescio
331 1687 377 1732 quo
387 1678 463 1734 pacto,
472 1670 496 1716 in
504 1677 631 1725 senectute;
645 1667 708 1731 quod
716 1667 823 1731 equidem

161 1735 235 1783 adhuc
248 1749 295 1781 non
310 1735 390 1782 amisi:
409 1744 431 1781 et
446 1733 526 1781 videtis
540 1749 626 1781 annos:
644 1733 683 1780 sed
697 1741 774 1780 tanen
790 1741 824 1779 est

159 1800 252 1859 decorus
268 1813 341 1846 sermo
357 1798 416 1846 senis
432 1799 523 1861 quietus
540 1806 563 1846 et
578 1797 701 1854 remissus3
724 1796 824 1859 facitque

161 1877 259 1926 persaepe
273 1862 323 1924 ipsa
337 1862 381 1909 sibi
394 1861 534 1910 audientiam
549 1861 625 1909 diserti
640 1861 699 1908 senis
713 1869 788 1908 comta
802 1871 825 1907 et

162 1926 222 1975 mitis
235 1925 314 1972 oratio.
337 1925 441 1982 Quodsi
457 1926 505 1988 ipse
521 1925 615 1987 exsequi
627 1939 736 1987 nequeas,
752 1924 824 1986 possis

162 1998 238 2037 tamen
249 1988 350 2050 Scipioni
359 1988 488 2052 precipere,
500 1996 523 2036 et
533 1989 613 2035 Irrelio.
637 1987 703 2046 Quid
716 1987 778 2034 enim
791 1997 825 2034 est

162 2051 284 2128 juurndius
294 2060 407 2098 senectute
417 2051 500 2124 stipata
510 2051 590 2098 studiis
598 2051 744 2111 juventutis?

161 2167 164 2176 ,
192 2115 234 2164 An
245 2130 274 2162 ne
284 2130 321 2162 eas
332 2113 426 2178 quidem
437 2130 494 2162 vires
504 2115 613 2162 senectuti
624 2113 788 2176 relinquemus,
799 2121 827 2170 ut

162 2177 339 2230 adolescentulos
349 2178 437 2238 doceat,
450 2177 562 2238 instituat,
573 2178 604 2225 ad
616 2192 685 2224 omne
695 2176 763 2224 officii
773 2192 827 2224 mu·

162 2239 206 2296 nus
220 2244 338 2292 instruat?
360 2259 407 2306 quo
425 2242 519 2306 quidem
534 2257 602 2306 opere
618 2241 674 2306 quid
689 2249 763 2304 potest
780 2257 827 2290 esse

163 2308 307 2376 preclarius?
331 2307 395 2355 Mihi
409 2323 462 2356 vcro
476 2307 522 2355 Cn.
535 2315 558 2354 et
572 2307 601 2354 P.
611 2305 737 2368 Scipiones,
753 2315 776 2354 et
789 2305 828 2354 evi

166 2375 198 2424 tui
207 2374 262 2433 duo,
277 2371 307 2422 Ia.
320 2371 432 2421 lEmilius
444 2380 467 2421 et
480 2372 508 2419 P.
519 2371 654 2430 Africanus,
665 2370 774 2418 comitatu
786 2385 828 2416 no-

164 2439 243 2492 bilium
254 2439 368 2500 juvenum
381 2435 492 2485 fortunati
506 2435 648 2484 videbantur.
672 2435 723 2483 Nec
733 2434 776 2481 ulli
786 2436 828 2481 bo·

163 2519 245 2563 ¹narrrm
254 2503 340 2552 artium
352 2500 457 2565 magistri
470 2516 516 2549 non
531 2501 592 2549 beati
605 2499 711 2563 putendi,
722 2497 829 2562 quamvis

166 2567 321 2634 consenuerint
335 2567 402 2632 vires,
420 2575 490 2632 atque
505 2564 642 2628 defecerint:
662 2564 705 2624 etsi
716 2563 766 2618 isto
779 2561 830 2626 ipse
