1856 2952
135 128 187 188 ³7⁶
298 130 346 182 DE
361 131 655 196 ansscrrraffiaaaa

137 259 326 325 mlflpffleiptc
339 256 838 334 possegidacciperetabalimvi'cissipr·

138 337 184 396 que
196 321 302 400 redderet
308 342 315 382 ς
333 341 363 374 an
375 336 431 375 esset
441 327 485 375 hoc
495 325 589 402 quidem
599 325 723 400 proprium
735 337 838 402 aspict-

138 393 192 442 ΠΗ
209 387 379 453 tedanuquicn
388 400 411 439 et
418 391 543 455 pulchrior,
551 398 573 437 et
581 396 836 462 magrsanaturlnorp-

138 449 165 498 ti
175 451 285 512 pmt'ecta
297 455 342 502 alia
352 471 426 503 causa.
443 455 520 502 Amor
530 455 593 502 enim
603 457 643 507 (ex
653 467 699 516 quo
708 459 832 498 anncntra

120 551 125 556 .
137 515 266 576 nominata)
277 518 381 582 princeps
392 528 425 566 est
435 519 465 567 ad
475 517 656 566 benevolentiam
666 516 719 576 conj
722 527 829 576 ungen-

138 567 201 626 dam.
219 580 282 628 Nam
294 583 403 631 utilitates
413 583 508 646 quidem
515 583 586 630 etism
600 583 629 629 ab
640 577 826 644 iispercipiun-

139 649 178 689 tur
197 659 265 707 sape,
277 646 318 709 qui
328 647 473 695 simulatione
486 646 592 694 amicitia
606 644 714 693 coluntur
731 651 757 690 et
773 642 824 688 ob-

139 699 258 756 iuvamm
273 711 341 759 canat
357 711 479 774 temporis:
497 710 522 756 in
533 709 634 758 amiati
649 716 739 766 autam,
752 705 821 752 nihil

140 770 229 831 fictum,
241 773 299 822 nihil
310 775 458 823 simulatum:
476 782 507 834 et,
519 773 633 842 quidquid
642 772 667 820 in
682 771 709 818 ci
725 779 772 828 est,
794 768 823 816 nd

186 851 266 884 verum
277 845 300 885 et
310 839 472 890 voluntarium.

120 843 327 1009 {flfflllffll’oefs
338 917 353 952 ἃ
363 903 445 956 flaturi
461 902 520 950 mihi
533 901 623 956 vitetur
637 899 723 964 potius,
735 911 817 972 quem

188 962 322 1025 indigentis,
340 973 390 1012 orta
404 967 513 1026 amicitia,
528 974 551 1014 et
569 965 718 1029 applicatione
736 977 819 1024 magra

139 1025 212 1073 animi
218 1042 272 1075 cum
282 1028 383 1092 quodam
394 1044 460 1078 sensu
471 1029 573 1089 amandi,
582 1044 653 1104 quam
663 1027 816 1090 cogitationes

138 1099 254 1199 ΠΜ
264 1091 305 1143 illa
314 1108 350 1140 res
360 1093 466 1144 utilitatis
477 1103 534 1145 esset
543 1092 657 1142 habrtura.
673 1091 746 1151 Quod
757 1089 815 1154 qui-

202 1154 271 1217 quale
281 1156 319 1217 ait,
335 1157 405 1204 etiam
417 1157 442 1204 in
457 1158 536 1206 bestiis
549 1157 688 1220 quibusdam
703 1153 814 1204 animad-

138 1217 196 1264 verti
204 1227 298 1281 ‘potestr
315 1235 403 1284 quoeex
413 1237 438 1278 se
448 1231 513 1270 natos
522 1222 556 1278 ita
565 1229 645 1269 arnam
653 1217 811 1282 adquoddam

140 1286 240 1344 tempus,
252 1293 275 1332 et
285 1286 315 1334 ab
326 1285 358 1334 eis
368 1285 401 1333 ita
413 1294 528 1346 amantur,
542 1293 569 1332 ut
583 1285 649 1332 facile
664 1298 743 1331 earum
756 1296 811 1330 sen·

139 1359 178 1392 sna
186 1358 309 1410 appareat:
322 1349 393 1412 quod,
401 1349 533 1407 inhomine,
542 1346 809 1404 mulmcstevidentiuss

138 1408 251 1472 primum,
262 1429 291 1461 ex
300 1413 327 1461 ei
337 1413 437 1474 mritate,
448 1430 501 1478 quos
512 1421 545 1461 eet
555 1413 614 1460 inter
624 1421 690 1460 natos
696 1419 718 1458 et
725 1424 808 1474 paren-

139 1480 188 1531 tets
206 1491 259 1538 quae
269 1477 354 1536 dirimi,
365 1477 410 1525 nisi
420 1477 547 1532 detestabili
557 1477 647 1534 scelere,
658 1490 704 1524 non
715 1481 803 1538 potesta

139 1536 230 1598 deiude,
239 1555 293 1588 cum
299 1541 380 1588 similis
391 1557 469 1589 sensus
479 1541 566 1589 exstitit
575 1541 667 1598 amoris,
678 1539 697 1587 si
705 1539 804 1602 aliquem

138 1601 200 1650 moti
211 1618 299 1662 sumus,
311 1605 377 1666 cujus
387 1621 441 1652 cum
452 1605 554 1653 moribus
565 1613 588 1652 et
598 1604 680 1658 naturd
694 1617 803 1665 congru&

138 1677 201 1736 tuus,
210 1667 315 1741 'quodin
330 1683 356 1716 eo
369 1669 436 1742 quasi
449 1668 529 1716 lumen
543 1668 637 1734 aliquod
651 1666 766 1730 probitatis
778 1674 802 1720 et

138 1732 593 1864 “iinfflffliiidiam
610 1795 678 1856 nnn,
685 1794 799 1870 querna

136 1869 172 1916 gra
180 1855 265 1912 allrmt
271 1857 302 1905 ad
311 1857 455 1922 diligendum
463 1878 470 1907 s
488 1861 574 1926 quippe
585 1876 647 1919 cum,
658 1867 747 1924 propter
756 1873 798 1932 vtr-

137 1925 211 1966 tutem
221 1929 245 1968 et
258 1922 404 1985 probitatem,
422 1939 460 1972 eos
474 1925 553 1985 etiam,
564 1940 622 1988 quos
638 1937 753 1987 nunquam
766 1937 797 1970 n-

136 1981 222 2043 dimus‚
234 1986 336 2048 quodam
352 1988 422 2035 modo
432 1988 563 2052 diligamus.
591 1987 652 2047 Quis
666 1995 707 2045 est,
721 1985 758 2050 qui
770 1987 795 2034 0.

136 2045 245 2109 Fabricii,
258 2049 295 2097 Μ’
308 2050 381 2111 Curii,
398 2067 445 2100 nnn
455 2068 509 2100 curn
517 2052 610 2108 caritate
618 2052 697 2116 aliqui.
706 2060 727 2098 et
734 2053 795 2098 bene·

132 2112 237 2160 ¹volentii
247 2115 383 2162 memoriam
394 2125 496 2180 usurpet,
508 2132 565 2180 quos
576 2131 695 2181 nunquam
707 2114 794 2162 rideritl

136 2173 197 2234 Quis
208 2186 285 2225 autem
297 2187 339 2236 est,
351 2179 392 2243 qui
402 2179 558 2243 Tarquinium
566 2181 706 2244 Superbum,
713 2179 791 2288 puiSp.

135 2237 250 2299 Cassium,
265 2243 305 2304 Sp.
324 2242 442 2302 Maelium,
460 2259 506 2290 non
526 2245 617 2292 oderit?
634 2244 697 2291 Cum
727 2244 791 2292 uobtu

134 2300 231 2354 duobus
242 2303 271 2351 de
280 2305 378 2368 imperio
387 2307 412 2352 iu
426 2308 496 2355 Italis
506 2307 646 2356 decertatum
657 2315 699 2364 est,
713 2307 790 2369 Pyrrho

133 2371 157 2410 et
172 2365 319 2416 Hannibale:
336 2372 366 2417 ab
384 2370 463 2429 altero,
482 2381 575 2434 propter
590 2371 726 2434 probitatem
741 2372 789 2432 eJ'us,

132 2439 179 2476 non
190 2428 259 2476 nimis
269 2431 355 2481 alienos
365 2433 454 2481 animos
464 2433 590 2481 habemuse
615 2435 721 2492 alterum,
731 2449 788 2499 prop·

131 2495 166 2538 ter
176 2491 343 2556 crudelitatem,
355 2511 444 2559 semper
454 2497 504 2544 hac
514 2498 592 2545 civitas
602 2498 682 2546 oderit

130 2611 137 2624 ι
165 2553 212 2600 ΙΧ.
230 2554 331 2613 Quodsi
347 2567 411 2607 muta
425 2559 459 2607 vis
469 2561 588 2623 probitatis
598 2569 640 2618 est,
652 2570 679 2608 ut
689 2575 744 2620 eam,
757 2563 787 2619 rel

129 2625 155 2661 ¹³¹
165 2616 198 2663 eit
208 2633 266 2686 quos
276 2634 397 2684 nunquam
408 2621 516 2684 vidimus,
526 2624 562 2673 vel
582 2624 655 2687 (quod
671 2626 784 2686 majuseatt
