1864 2958
241 159 288 216 ,DE
304 160 461 220 nemone,
472 160 532 208 lun.
545 159 595 210 111.
607 157 671 208 ΟΛΡ.
683 160 724 212 st.
766 161 815 218 33}

142 284 189 350 ¹esd
204 303 267 352 equs
283 289 365 350 heret„
378 299 405 338 nt
419 289 499 338 eiuntt
516 303 571 338 mm
586 289 629 352 qui
643 296 718 352 potest
731 296 819 354 tempe-

143 352 249 404 rantiam
263 353 357 401 laudere
373 353 402 413 is,
413 353 454 417 qui
468 362 539 416 ponat
555 368 673 400 summum
689 355 777 400 bonum
792 353 818 405 iu

141 415 286 479 voluptate?
302 418 346 465 Est
361 418 423 465 enim
440 417 589 480 temperantia
602 417 726 465 libidinum
740 417 818 464 inimi·

145 495 193 536 ca3
211 481 316 528 libidines
326 490 404 529 sutem
415 482 582 530 consectatrices
590 481 720 543 voluptatis.

143 593 146 600 Ι
181 544 264 607 Atque
273 545 297 591 in
308 545 344 592 his
354 555 431 592 tomen
442 545 515 595 tnibns
525 544 653 607 generibus,
663 560 695 607 qu
725 560 756 591 no
766 559 818 592 mo.

145 607 290 670 depossune
300 609 648 671 nonincnllidetergiversantuc.
666 608 714 656 Pru
731 608 818 658 entiam

145 671 307 731 introducunt,
333 673 451 722 scientium
474 673 658 735 suppeditantem
679 673 816 734 voluptates,

145 735 302 798 depellentem
319 737 414 786 dolores.
442 736 612 785 Fortitudinem
629 751 721 800 quoqne
740 736 818 798 aliquo

145 799 220 846 modo
228 801 360 865 expediunt,
372 817 426 848 cum
437 801 538 858 tradunt,
553 800 664 847 rationem
674 799 817 862 negligenda

143 864 239 922 mortis,
261 864 558 928 perpetiendiqnedoloris.
586 863 666 914 Etiam
688 872 817 926 temperans

145 926 207 984 tiam
217 928 339 988 inducunt,
353 944 399 977 non
410 929 518 976 facillime
528 928 563 974 illi
574 928 677 992 quidem,
689 927 729 974 sed
740 936 817 976 tamen

146 990 816 1116 insultent,

148 1121 187 1168 vel
196 1121 256 1180 jsoet
267 1121 351 1183 potius,
362 1135 486 1184 omnesque
497 1137 529 1168 eae
539 1121 641 1182 virtutes,
653 1137 706 1184 quse
716 1120 740 1166 in
754 1136 817 1168 com-

148 1183 263 1232 'munitete
273 1189 405 1244 cecnnntur,
416 1192 439 1232 et
452 1185 477 1232 in
491 1185 596 1233 societate
609 1185 697 1247 generis
712 1184 816 1250 hnmani,

149 1247 235 1311 Neque
253 1249 315 1296 enim
331 1248 429 1308 bonitas,
447 1263 490 1296 nec
505 1248 637 1306 liberalitas,
655 1263 697 1294 nec
714 1249 816 1307 comitas,

149 1325 197 1360 esse
207 1321 289 1376 potest,
301 1328 347 1360 non
358 1313 494 1376 plusquam
510 1312 618 1370 amicitia,
631 1311 650 1357 si
659 1312 709 1358 haec
719 1325 765 1358 non
776 1327 818 1374 per

149 1391 174 1422 se
185 1385 329 1440 expetantur,
340 1377 381 1425 sed
395 1377 424 1425 ed
439 1376 580 1440 voluptatem
594 1375 745 1423 utilitatemve
759 1375 818 1422 refe·

148 1449 235 1488 rentur.

182 1503 304 1553 XXXIV.
312 1505 463 1554 Conferamus
468 1505 539 1568 igitur
545 1504 570 1551 in
576 1519 661 1615 penca:
670 1510 765 1562 num,ut
772 1503 818 1550 uti·

148 1568 577 1634 litatemnullnmessedocuimns,quae
599 1569 818 1615 oneststiessetcon-

150 1634 233 1690 temis3
245 1634 276 1681 sic
287 1649 380 1682 omnem
390 1636 532 1698 voluptatem
543 1633 642 1681 dicimus·
648 1632 760 1680 honestati
771 1647 818 1679 esse

149 1697 291 1744 contrmiem,
309 1698 365 1756 Quo
374 1699 448 1762 magis
455 1697 649 1762 reprehendendos
656 1696 816 1760 Calliphonem

151 1770 173 1809 et
181 1761 353 1810 Dinomachum
361 1763 449 1824 judico,
458 1763 499 1826 qui
510 1779 533 1810 se
543 1763 680 1810 diremtums
688 1769 817 1809 controver-

150 1826 207 1873 siam
217 1834 363 1889 putaverunt,
375 1827 394 1875 si
404 1843 458 1874 cum
468 1828 584 1875 honestate
595 1827 745 1889 voluptatem,
757 1835 818 1872 tem-

150 1904 221 1952 quam
233 1886 287 1937 'cum
297 1892 390 1938 homine
398 1892 518 1954 pecudem,
529 1891 701 1954 copulavissent
719 1891 774 1937 Non
781 1905 817 1937 re·

152 1953 206 2015 cipit
223 1953 290 2001 istam
310 1957 491 2016 conjunctionem
513 1955 633 2010 honestem
658 1954 815 2016 ndspemstur‚

152 2017 246 2080 repellit.
269 2019 321 2066 Nec
328 2035 381 2066 vero
392 2019 443 2067 finis
453 2022 566 2066 bonorum
579 2017 614 2078 [et
624 2019 762 2080 malornm],
773 2017 816 2079 qui

152 2080 248 2143 simplex
259 2097 306 2130 esse
321 2082 396 2144 debet,
412 2099 441 2131 ex
451 2083 600 2130 dissimilibus
611 2084 678 2130 rebus
693 2079 783 2127 misceri
794 2089 818 2128 et

145 2146 271 2208 ⁴temperari
286 2155 368 2210 potest.
395 2148 441 2196 Sed
455 2146 537 2194 dehoc
548 2144 715 2208 (megneenim
726 2157 762 2190 res
774 2151 818 2202 est)

150 2209 250 2258 elioloco
261 2211 373 2273 pluribus.
400 2206 668 2274 Nuncndpropositum.
697 2207 816 2266 Quemad-

151 2274 245 2322 modum
255 2274 334 2337 igitnr,
347 2275 366 2323 si
377 2275 470 2339 quando
481 2291 515 2334 es,
531 2290 584 2338 qne
594 2273 708 2322 videretur
718 2271 815 2333 utilitas,

151 2337 262 2386 honestati
272 2348 394 2402 repugnat,
405 2338 551 2400 dijudicanda
564 2353 600 2412 res
610 2337 648 2395 sit,
657 2336 720 2412 φάε.
732 2344 817 2412 estsu-

150 2403 617 2530 liuilffiil‘nilliillsslii
627 2403 818 2514 limi

152 2539 235 2577 nestete
252 2531 397 2590 conjunctio:
415 2546 478 2590 nem,
492 2541 519 2580 ut
534 2531 662 2580 tribuamus
672 2528 761 2593 aliquid
776 2543 818 2576 vo·

134 2593 240 2656 ''luptati,
252 2593 391 2644 condimenti
402 2595 494 2645 fortusse
508 2595 622 2656 nonnihil,
635 2595 741 2646 utilitatis
757 2599 818 2644 cette

155 2657 216 2718 nihil,
227 2657 328 2706 habebit.
