1852 2966
133 153 172 202 so
198 145 245 197 DE
261 143 511 203 DIVINATIONE,
519 142 579 191 Iun.
588 135 624 190 11.
634 142 699 192 Ger.
707 143 746 192 ts.

130 259 209 336 'itere
225 276 267 340 qui
282 275 351 323 etiem
364 289 427 322 nuno
442 273 518 321 credet
531 272 568 329 iis,
584 285 683 336 quorum
699 271 812 335 praediota

143 341 244 405 quotidie
254 339 330 387 videet
339 355 364 386 re
374 347 397 386 et
407 337 493 386 eventis
503 336 583 384 refelli.

150 423 152 428 ·
176 403 299 452 XLVIII.
316 405 413 452 Restant
420 402 467 450 duo
477 400 595 448 divinandi
605 415 695 462 genna,
705 416 757 463 que
767 400 812 448 he·
906 441 907 462 3

144 472 197 518 bere
207 469 304 516 dicimur
314 484 329 515 e
339 467 430 523 natura,
441 481 487 513 non
498 467 528 512 eb
544 473 607 520 arte;
624 465 771 524 vaticinandi,
789 473 814 512 et
906 479 907 534 p

146 533 280 582 somniandi
304 532 342 580 De
357 533 449 594 quibus,
464 530 560 589 Quinte,
575 529 679 591 inquom,
695 529 812 591 siplaoet,
906 545 907 568 i

146 597 289 644 disseramus.
313 595 376 643 Mihi
391 609 452 653 vero,
470 593 553 657 inquit,
571 593 652 654 placet.
678 593 724 640 His
740 592 814 653 enim,

148 677 200 724 quae
210 661 285 708 edhue
296 659 424 722 disputiem
439 673 530 721 prorsus
541 657 662 704 assentior:
681 665 711 717 et,
723 672 776 704 vere
787 665 816 703 ut

147 727 237 788 loquer,
250 739 391 788 quemquem
399 732 440 770 tus
449 737 487 768 me
497 721 568 768 oratio
576 721 725 778 coadunavit,
734 729 815 768 tamen

149 790 218 837 etiem
228 789 281 836 mei
288 797 368 850 sponte
375 787 444 834 nimis
452 785 629 848 superstitiosam
638 784 667 831 de
675 784 816 832 divinatione

149 854 277 902 Stoieorum
288 851 423 899 seutentiam
431 850 578 910 judioebem3
594 863 621 894 ec
631 864 669 895 me
679 848 817 910 Peripateti.

150 931 229 964 corum
240 915 297 962 retio
307 915 380 977 magis
391 916 505 972 movebat,
517 921 540 960 et
554 913 634 960 veteris
644 912 780 971 Dicaearchi,
793 921 817 960 et

151 981 208 1040 ejus,
219 978 260 1041 qui
274 994 336 1025 nunc
353 977 426 1035 floret,
442 977 554 1040 Cratippi,
569 976 610 1039 qui
625 986 715 1024 oensent
729 991 777 1023 esse
791 977 817 1023 in

152 1043 267 1090 mentibus
277 1042 398 1090 hominum
409 1051 528 1104 tamquam
542 1041 660 1088 oraculum
673 1041 817 1114 aliquod,·ex
906 1070 907 1084 t

151 1121 198 1170 quo
208 1106 286 1152 future
295 1105 448 1168 presentiam,
457 1105 476 1152 si
486 1114 527 1152 aut
536 1104 612 1151 furore
620 1104 697 1152 divino
710 1104 818 1152 inuitatus

152 1171 252 1227 enimus,
263 1179 304 1216 aut
314 1185 393 1217 somno
404 1170 527 1226 relaxatus,
540 1169 612 1216 solute
622 1175 741 1216 moveatur
751 1183 778 1215 ao
788 1169 818 1216 li-

153 1234 213 1283 bere
237 1233 283 1280 His
298 1233 326 1280 de
342 1233 462 1296 generibus
479 1233 536 1296 quid
549 1233 639 1290 sentius,
655 1241 677 1279 et
692 1231 776 1296 quibus
791 1248 819 1280 ee
906 1227 907 1250 ¹

155 1299 282 1347 rationibus
292 1296 401 1354 iufimres,
412 1297 491 1345 audire
502 1311 555 1344 sene
565 1296 641 1343 velim.

110 1391 114 1394 -
159 1383 162 1388 ·
186 1363 247 1421 Quae
257 1377 310 1410 eum
320 1362 361 1409 ille
371 1361 472 1419 dixisset,
487 1369 538 1408 tum
553 1375 595 1422 ego
609 1375 695 1417 rursus,
711 1359 777 1422 qussi
787 1362 818 1420 eb
906 1373 907 1400 I

157 1427 202 1474 elio
212 1426 331 1489 principio,
343 1441 395 1473 sum
410 1439 502 1473 exorsus
512 1425 592 1472 dicere.
615 1424 671 1470 Non
682 1424 770 1485 ignoro,
782 1424 818 1472 in.
906 1437 907 1448 ¹

154 1506 234 1564 quern,
245 1489 342 1548 Quinte,
360 1498 383 1536 te
397 1504 485 1552 semper
499 1488 531 1535 ite
542 1487 642 1545 sensisse,
654 1496 680 1534 ut
695 1487 819 1536 desistetis
906 1529 907 1538 ,

155 1554 273 1600 divinandi
289 1553 408 1614 generibus
424 1553 555 1607 dubitaresg
572 1552 616 1598 Iste
630 1551 684 1609 duo,
699 1551 782 1600 furoris
796 1561 819 1600 et

155 1617 246 1675 somnii,
257 1632 309 1678 quee
323 1631 338 1662 e
353 1616 425 1664 libers
438 1625 515 1663 mente
529 1616 599 1663 fluere
613 1614 750 1676 viderentur,
765 1632 819 1680 pro-
906 1639 907 1652 π

158 1681 282 1790 baideis
299 1741 387 1790 niem·
394 1743 472 1805 igitur,
484 1743 512 1790 ue
522 1707 571 1791 ses
585 1743 640 1806 ipsis
649 1744 740 1792 duobus
750 1761 818 1808 gene.

149 1807 219 1854 tribus
229 1805 287 1852 mihi
297 1807 353 1869 quid
362 1806 472 1867 videatur,
481 1807 500 1854 si
508 1808 579 1870 prius,
591 1808 719 1855 Stoicorum
728 1809 818 1857 conclu-

158 1871 191 1917 sio
201 1870 302 1929 rationis,
316 1879 338 1917 et
353 1869 457 1934 Cratippi
471 1872 550 1930 nostri,
581 1871 622 1918 uid
637 1872 717 1930 valeat,
730 1873 818 1922 uidero.
906 1901 907 1904 =

157 1933 245 1981 Dnisti
255 1934 325 1994 enim,
337 1943 360 1981 et
370 1934 525 1998 Chrysippum
539 1944 562 1982 et
596 1935 700 1998 iogenn
714 1944 737 1982 et
749 1938 820 1988 Anti.

157 2007 250 2060 patrum
260 1998 392 2046 ooncludere
402 1999 446 2047 hoc
456 1999 539 2046 modo:
558 1999 610 2047 “Si
620 2008 674 2046 sunt
684 1999 734 2060 Dii,
746 2016 820 2066 neque
906 2013 907 2048 ξ

158 2069 211 2108 ente
222 2061 336 2109 dederunt
349 2063 480 2111 homInibus
491 2079 544 2126 quae
557 2062 635 2110 futura
646 2063 706 2120 sint3
723 2073 819 2114 autnon
906 2077 907 2080 ’

157 2125 257 2188 diligunt
266 2126 378 2186 homines,
389 2135 437 2186 eut,
446 2127 503 2191 quid
514 2135 648 2175 eventurum
656 2128 693 2188 sit,
702 2127 820 2202 ignorent-3
906 2121 907 2160 i

158 2198 199 2236 eut
210 2189 341 2237 existiment
350 2191 408 2237 nihil
418 2191 523 2239 interesse
538 2190 667 2250 hominum,
683 2206 747 2252 serre,
764 2193 819 2256 quid

159 2253 188 2299 sit
202 2253 324 2310 futurum3
342 2262 382 2301 aut
398 2269 443 2302 non
458 2264 548 2302 censent
563 2270 610 2302 esse
627 2271 674 2302 suae
688 2257 818 2317 mejestatis,
906 2263 907 2274 ³

159 2316 331 2378 pranguifieare
346 2318 485 2378 hominibus,
502 2335 554 2382 quie
570 2319 614 2366 sint
628 2319 722 2375 Iutura3
740 2329 780 2368 eut
795 2337 820 2369 ee

160 2395 189 2427 ne
205 2380 250 2443 ipsi
265 2380 358 2444 quidem
376 2381 417 2428 Dii
432 2381 557 2444 significare
570 2391 671 2445 possunt.
695 2384 731 2430 At
747 2391 822 2448 neque'
906 2409 907 2450 p

159 2459 206 2520 non
217 2443 316 2507 diligunt
326 2460 366 2492 nos
376 2461 383 2501 ς
401 2455 454 2492 sunt
465 2446 526 2493 enim
536 2446 639 2506 benefici,
648 2447 770 2510 generique
780 2449 819 2496 ho-

160 2523 251 2556 mmum
262 2509 344 2565 emiei;
361 2523 435 2572 neque
445 2509 551 2572 ignorent
561 2525 595 2569 ee,
603 2526 655 2573 quse
665 2512 695 2557 eb
705 2511 759 2572 ipsis
770 2528 821 2560 oon-
906 2525 907 2540 ³

161 2573 240 2621 stitute
250 2581 273 2620 et
279 2572 396 2636 designate
404 2582 472 2630 sunt;
488 2588 563 2637 neque
570 2573 647 2625 nostri
657 2573 715 2621 nihil
723 2575 820 2636 interest,

162 2635 218 2685 scire
227 2653 254 2686 ee
264 2653 316 2701 que
329 2637 408 2688 future
418 2638 478 2697 siut3
496 2638 580 2687 erimus
595 2635 656 2686 enim
671 2638 787 2701 cautiores,
799 2642 820 2691 si
