1862 2964
246 72 696 138 nnosr1011s‚n1ur.cm.pr.
761 73 810 129 ser

134 217 208 254 tuum
225 205 333 255 monem
352 207 437 254 euteria
454 213 605 268 anteponunt.
629 204 660 252 In
679 203 807 266 primisque

135 278 291 318 versunumet
305 269 414 318 callidum
433 270 521 318 fastum
539 269 638 326 Solonis,
654 268 704 330 qui,
719 281 767 330 quo
781 274 809 320 ,et

136 334 208 382 tutior
224 333 272 382 vita
287 336 336 396 ejus
350 343 415 392 esset,
431 343 454 382 et
467 334 521 396 plus
534 331 658 395 aliquando
674 330 806 394 reipublice

138 397 262 462 prodesset,
274 398 350 458 fruere
360 414 384 446 se
394 399 517 445 simulavit
759 417 760 424 ¹

170 461 231 510 Sunt
241 463 277 510 his
287 463 327 509 alii
337 463 437 509 multum
449 462 558 524 dispares,
569 459 683 522 simplices
692 467 714 506 et
724 458 805 521 aperti,

138 525 181 589 qui
191 525 250 573 nihil
261 542 290 574 ex
305 527 401 584 occulto,
413 525 516 573 nihilex
530 523 618 570 insidiis
632 522 748 586 agendum
762 537 807 597 pp-

138 598 198 650 tant,
209 590 310 638 veritatis
320 589 425 649 urltores,
436 589 524 637 fraudis
534 587 634 634 inimici:
646 587 747 648 itemque
759 587 807 644 aiu,
896 587 898 594 ’

138 654 182 716 qui
201 653 293 716 quidvis
308 655 473 717 perpensum,
493 651 564 701 utrivis
583 650 718 707 deserviant,
740 649 807 708 dum,
851 701 855 706 ,

139 717 204 780 quod
219 717 298 777 velint,
315 726 497 781 consequentum
514 725 541 763 ut
557 715 628 763 Sullae
644 714 682 762 M.
698 713 807 760 Crassum

137 781 289 837 sidebamuu
302 781 393 845 (quoin
404 795 486 844 genere
492 777 673 828 vetustissimum
685 785 707 824 et
717 776 806 839 patien-

140 843 257 892 tissimum
278 845 479 893 lacedemoniam
501 842 648 907 hysandrum
670 840 806 904 accepimus,

140 917 265 972 eontreque
275 909 454 968 Callicratidan,
465 908 507 973 qui
520 907 640 971 prefectus
654 905 720 953 elmsi
729 903 807 967 proxi·

141 987 196 1020 mus
205 982 258 1036 post
268 973 414 1036 Lysandrum
429 973 484 1032 tint)
500 972 602 1034 itemque
615 971 640 1017 in
655 969 810 1028 sermonibus,¹

138 1036 223 1095 alium,
238 1037 344 1100 quamvis
359 1046 486 1100 prepotens
500 1036 537 1096 sit,
552 1035 647 1093 efficere,
661 1043 689 1081 ut
702 1047 764 1080 unus
777 1032 812 1082 de.

141 1101 223 1148 multis
233 1115 281 1148 esse
290 1101 408 1148 videatur:
424 1101 487 1164 quod
494 1101 519 1146 in
530 1100 622 1157 Catulo,
634 1106 657 1146 et
666 1098 691 1145 in
701 1105 774 1161 patre,
783 1103 807 1144 et

140 1164 167 1210 in
184 1164 241 1223 filio,
259 1164 367 1228 idemque
384 1165 409 1212 in
426 1165 458 1223 Q.
477 1163 559 1210 Musio
576 1161 679 1221 Manoii,
698 1161 808 1209 vidimus.

138 1226 231 1275 Audivi
247 1243 276 1276 ex
292 1228 417 1289 majoribus
433 1235 498 1286 natu,
515 1227 559 1274 hoe
576 1226 639 1273 idem
655 1225 724 1272 firisse
736 1225 761 1270 in
777 1223 806 1270 P.

140 1291 248 1355 Scipione
265 1292 366 1340 Nasieis
394 1301 525 1354 eontraque,
543 1297 632 1353 patrem
650 1290 708 1349 eJus,
727 1288 804 1345 illum,

137 1354 182 1418 qui
193 1355 232 1402 Ti
245 1356 343 1404 Gracchi
353 1363 447 1403 oonatus
460 1354 560 1418 perditos
574 1352 705 1409 vindicavit,
716 1351 806 1398 nullam

139 1419 272 1468 comitatem
286 1419 392 1467 habuisse
406 1418 529 1466 sennonisz
547 1431 576 1463 ne
587 1416 739 1465 Xenocratem
754 1414 807 1476 qui·

139 1482 202 1544 dem,
214 1481 380 1531 severissimum
394 1482 590 1546 philosophorum,
601 1482 631 1527 ob
645 1493 741 1540 eamque
756 1493 808 1525 rem

140 1541 807 1660 fffflpdmffluzafflmppunpmppbss

140 1674 510 1738 memuupemoorum.
688 1621 742 1671 ‘¹’

172 1738 271 1788 XXXI.
287 1738 423 1786 Admodum
433 1747 511 1786 autem
525 1737 624 1786 tenenda
637 1743 691 1786 sunt
705 1750 747 1783 sua
757 1735 805 1783 cui-

138 1799 806 1927 mutum

141 1930 325 1992 aestuandum,
336 1883 371 1990 de,
383 1883 461 1978 mitra
474 1901 603 1978 univiram
615 1937 731 1987 naturam,
746 1927 805 1974 nnn

142 1994 321 2052 oontendamua3
337 1995 365 2042 ei
375 2004 451 2041 tamen
461 1989 599 2052 conservam,
610 1993 726 2055 propriam
737 1999 805 2037 natu-

141 2073 192 2106 ram
202 2073 340 2121 sequamuu
357 2067 392 2117 ut,
403 2058 472 2105 etiam
483 2057 503 2104 si
513 2057 558 2104 sint
567 2057 613 2104 alia
623 2056 726 2118 graviora
736 2061 805 2116 atque

140 2122 244 2182 meliora,
255 2132 332 2171 tamen
341 2137 383 2170 nos
397 2121 472 2169 studia
486 2129 562 2168 nostra
575 2129 658 2167 nostrae
668 2128 755 2165 nauare
769 2131 807 2164 re-

141 2187 198 2250 guli
207 2188 345 2235 metiamur:
361 2201 437 2250 nequa
453 2184 515 2234 euim
529 2184 610 2232 attinet
623 2195 750 2245 repugnare
763 2193 805 2228 na·

140 2259 207 2310 ture,
224 2265 267 2300 nea
284 2251 411 2316 quidquam
428 2248 501 2313 sequi,
517 2247 579 2312 quod
592 2246 683 2310 assequi
697 2260 803 2309 nequeas.

141 2313 181 2362 Ex
200 2331 247 2379 quo
262 2317 336 2378 magis
353 2315 457 2377 emergit,
471 2313 544 2425 tquale
561 2311 591 2359 sit
608 2311 715 2364 deoorum
734 2309 802 2366 illud,

139 2378 199 2438 ideo,
211 2379 267 2442 quis
277 2379 335 2426 nihil
349 2379 413 2428 deest
422 2377 471 2426 invi
506 2379 543 2430 (ut
552 2376 627 2432 aiunt)
638 2374 761 2429 Mineruia
778 2373 803 2418 id

141 2451 183 2502 est,
194 2443 327 2491 adversante
337 2453 359 2491 et
369 2449 511 2506 repugnante
521 2439 610 2490 naturi-

173 2506 278 2564 Omnino
288 2507 308 2555 si
323 2507 451 2571 quidquam
462 2514 496 2554 est
506 2504 621 2563 deoomm,
636 2501 695 2550 nihil
705 2507 738 2548 est
753 2513 811 2560 pro-.

141 2570 200 2621 tacto
217 2571 300 2635 magis,
318 2585 389 2634 quam
401 2569 542 2634 equabilitas
554 2567 665 2616 universe
683 2564 744 2622 vite,
755 2572 806 2611 tum
