1864 2958
126 103 175 161 ³42
263 98 316 164 ,ΒΕ
329 94 545 154 senticum,
557 95 621 144 Csr.
631 96 657 144 8.

125 229 170 294 qui
182 243 211 276 se
227 241 317 276 sunum
331 241 379 274 non
395 233 544 290 putetposse
561 223 652 272 nivem
670 222 713 270 sed
729 223 818 272 iidem
911 267 912 272 ,

126 293 247 367 elaborant
257 290 282 338 in
297 290 337 350 eis,
349 306 402 354 quae
412 290 487 338 seiunt
497 288 556 336 nihil
566 287 661 335 omnino
672 287 703 334 ad
714 303 742 334 se
754 303 818 350 per.

129 365 210 404 tinere.

125 473 127 478 ,
163 447 181 478 “
193 444 254 493 Serit
264 445 363 503 arbores,
375 458 428 507 quae
438 441 503 489 alteri
513 439 596 489 saecttlo
606 441 724 503 minti„

126 557 158 606 ,ut
168 545 200 596 ait
211 547 297 596 Statius
307 555 383 596 noster
392 547 418 594 in
429 545 583 610 Synephebis*
602 546 653 592 Neo
664 561 718 594 vero
735 547 815 594 dubi-

128 621 165 660 tet
178 613 284 676 agricolo,
313 610 402 660 uamvis
417 626 494 668 senex,
506 610 626 672 querenti,
637 611 676 657 cui
686 621 759 670 seret,
772 627 814 658 re-

133 677 258 740 spondere:
277 629 354 723 “llliis
365 674 541 732 immortalibus,
549 675 590 736 qui
600 689 694 728 menon
702 675 813 738 occipere

133 741 202 789 modo
212 740 286 827 haif⁸
301 740 427 802 majoribus
438 739 567 798 voluerunt,
579 737 619 786 sed
626 739 696 786 etiarn
707 740 811 802 posteris

132 805 241 916 prqdprlel..
258 867 345 915 Melius
356 866 462 915 Caeoilius
472 866 501 914 de
511 881 564 914 sene
572 863 638 916 alteri
654 867 740 914 seculo
751 883 810 932 pro-

135 933 251 998 spiciente,
263 947 334 996 quam
344 931 404 978 illud
413 930 490 978 idem:

168 1027 186 1054 “
198 1023 306 1085 Edepol,
318 1031 429 1082 senectus,
440 1023 459 1070 si
470 1022 529 1068 nihil
539 1021 667 1085 quidquam
678 1021 744 1068 aliud
756 1021 807 1069 vitii

166 1088 375 1152 Apportestecun
387 1101 440 1135 eum
451 1085 560 1142 advenis;
578 1100 652 1132 unum
664 1085 735 1133 idest
746 1095 789 1144 est,

120 1184 129 1198 .
168 1152 248 1211 Quod,
260 1151 301 1198 diu
309 1150 414 1211 vivendo,
426 1151 509 1209 multa,
519 1165 571 1214 quae
581 1164 628 1197 non
639 1151 698 1208 vult,
711 1149 801 1198 videt’‘

134 1255 170 1306 Et
182 1255 258 1304 multo
270 1255 372 1315 fortasse,
387 1271 439 1319 quae
453 1255 518 1303 vult:
535 1262 605 1316 atque
619 1253 644 1300 in
659 1270 686 1300 ea
700 1255 804 1317 quidem,

136 1337 189 1384 quae
199 1335 246 1368 non
257 1321 316 1380 mlt,
327 1336 386 1384 saepe
397 1321 467 1367 etiam
477 1317 628 1368 adolescentia
637 1318 741 1366 incurrit.
769 1319 803 1366 11.

131 1384 179 1434 ,lud
186 1401 238 1433 vero
248 1384 310 1432 idem
322 1385 426 1432 cecilius
437 1383 552 1434 vitiosiusz

171 1473 266 1521 “Tum
284 1473 391 1536 equidem
405 1473 430 1519 in
446 1471 535 1520 seneeti
550 1471 594 1520 hoo
607 1472 693 1538 deputo
706 1472 805 1522 miserti.

168 1552 380 1674 smmlllli'aetate
390 1615 437 1648 esse
448 1615 472 1648 se
482 1585 586 1648 odiosum
592 1601 687 1678 ,elteri”

138 1703 372 1766 Jucundumpotius,
384 1719 456 1768 qusm
467 1703 579 1752 odiosum
596 1706 631 1754 Ut
642 1705 704 1756 enim
718 1706 801 1754 odoles-

137 1768 242 1818 centibus
256 1768 318 1815 boni
335 1768 411 1816 indole
421 1769 523 1831 preditis
533 1770 645 1832 sapientes
655 1785 719 1818 senes
733 1771 801 1818 deleo

134 1841 227 1892 tantur,
238 1831 355 1896 leviorque
365 1833 392 1880 fit
402 1847 482 1880 eorum
493 1843 604 1893 senectus,
616 1835 657 1898 qui
667 1850 682 1881 o
687 1835 802 1896 juventute

139 1897 247 1946 coluntur
258 1905 281 1943 et
291 1896 435 1959 diliguntur3
451 1897 485 1944 sio
495 1897 647 1946 adolescentes
657 1913 737 1949 senum
746 1915 801 1962 pre·

141 1961 212 2024 ceptis
222 1960 331 2024 gaudent,
343 1962 427 2023 quibus
435 1961 465 2007 ad
476 1960 588 2012 virtutum
594 1961 670 2010 studio
675 1962 798 2014 ducuntur:

134 2041 185 2082 ⁴neo
201 2026 278 2072 miuus
293 2025 396 2088 intelligo
411 2041 449 2073 me
463 2026 536 2086 vobis,
547 2042 619 2091 quem
635 2042 674 2075 vos
688 2027 746 2076 mihi
757 2042 801 2076 esse

134 2089 262 2152 jucundos.
280 2090 325 2137 Sed
335 2089 424 2149 videtis,
436 2098 463 2137 ut
473 2098 576 2140 senectus
586 2105 633 2138 non
641 2090 710 2138 modo
717 2091 799 2154 laugui-

142 2154 252 2218 duotque
261 2153 323 2215 iners
333 2155 428 2214 nonsit,
445 2169 526 2202 verum
541 2155 611 2205 etism
625 2154 656 2202 sit
669 2169 764 2217 operoso,
778 2163 799 2202 et

143 2233 233 2280 semper
240 2233 310 2280 agens
320 2217 408 2280 aliquid
419 2226 442 2266 et
452 2217 547 2266 moliens
557 2235 565 2276 ς
582 2219 628 2268 tale
638 2219 729 2278 scilieet,
739 2220 799 2282 quele

135 2282 255 2344 ,cujusque
264 2281 367 2328 studium
377 2283 402 2330 in
412 2283 527 2344 superiore
537 2283 584 2333 vitt
594 2282 646 2330 fuis
663 2283 734 2342 Quid,
744 2283 799 2346 quod

134 2345 213 2408 etiem
221 2344 342 2393 addiscunt
352 2345 456 2421 aliquid?
473 2355 499 2393 ut
510 2347 618 2400 Solonem
629 2346 729 2394 versibus
737 2346 798 2408 glori.-

136 2417 222 2456 nntem
238 2407 351 2468 videmus,
379 2425 404 2456 ur
419 2426 452 2470 se,
466 2410 571 2472 quotidie
589 2411 678 2474 aliqud
694 2411 798 2460 addiscet·

140 2480 200 2530 tem,
214 2487 293 2528 senem
305 2473 355 2521 fieri
362 2426 433 2521 dicit:
451 2483 478 2522 ut
486 2489 531 2536 ego
541 2474 593 2533 feei,
605 2475 646 2537 qui
658 2475 744 2522 (iraecss
752 2473 797 2524 lite-

140 2551 181 2584 rss
191 2535 352 2600 senexdidioi;
370 2553 427 2600 ques
435 2537 528 2600 quidem
537 2538 569 2591 sie
579 2538 645 2587 avide
652 2537 797 2600 snipuique

144 2599 164 2650 si
176 2598 309 2663 diuturnam
321 2601 382 2648 sitim
393 2603 484 2664 explere
493 2602 596 2665 cupiens,
608 2611 635 2649 ut
649 2617 676 2652 ea
691 2601 737 2664 ipss
748 2601 798 2653 milri

903 1861 912 1920 l
