1864 2958
120 131 169 187 nt
249 133 297 182 nn
311 116 607 194 ammoniaco.
620 133 659 181 ro.

120 262 216 316 dotano
231 261 316 310 uirium
333 260 490 310 musanus
504 259 565 309 vttllo
580 259 677 314 effleltm
693 261 804 326 seqriug

121 343 192 392 quam
203 327 330 374 senectutis.
354 325 488 374 libidinosa
497 325 583 373 etenim
598 333 621 372 et
632 323 800 390 intemperans

121 390 272 439 adolescentia
282 391 376 440 effetum
387 405 468 454 eorpus
478 389 548 437 tradit
558 390 674 438 senectuti.

154 456 229 518 Cyrus
240 455 343 518 quidem,
356 454 417 518 apud
431 453 618 516 Xenophontem,
634 469 662 501 eo
676 469 799 515 sumone,

121 535 193 584 quem
207 519 307 567 moriens
322 518 413 578 habuit,
428 533 482 566 oum
497 517 623 566 admodum
637 533 706 566 senex
722 528 797 578 esset,

122 593 192 696 qm
202 599 340 695 “illim
352 583 445 694 mill
455 590 671 694 &nnn
686 583 800 709 iffi·

141 664 204 696 orem
231 663 257 695 ao
346 663 402 694 uam
445 662 460 694 o

123 713 249 762 Metellum
260 663 363 772 medridi,
371 714 453 774 puer,(
469 711 503 770 ui,
515 725 568 758 eum
580 709 730 772 quadriennio
739 717 797 774 post

123 778 223 824 alterum
233 777 376 824 oonsulatum
391 789 437 838 pon
448 775 453 786 “
466 790 494 822 ex
508 773 625 822 maximus
639 773 794 834 factumest,

123 841 205 904 viginti
215 849 238 888 et
248 840 305 887 duos
316 853 387 886 armos
397 841 418 886 ei
429 837 552 886 saoerdotio
565 837 668 901 praemit)
682 838 716 886 ita
725 839 796 886 bonis

124 921 172 953 esse
180 905 264 952 viribus
272 911 373 950 extremo
381 911 483 966 tempore
491 903 572 962 aetatis,
580 911 607 949 ut
615 902 794 950 adolescentiam

124 983 172 1016 non
183 968 312 1030 requireret.
344 967 411 1014 Nihil
424 981 515 1014 neeesse
530 975 564 1014 est
576 965 635 1014 mihi
650 966 679 1013 de
692 981 732 1014 me
741 967 794 1030 ipm

123 1033 212 1088 dioereg
232 1045 375 1094 quamquam
389 1039 423 1078 est
437 1031 462 1078 id
479 1030 573 1094 quidem
589 1030 668 1092 senile,
684 1031 794 1096 mentique

124 1104 206 1144 nostra
217 1093 353 1142 oonoeditur.

156 1159 188 1208 X.
205 1159 333 1218 Videtisne,
343 1167 371 1206 ut
381 1158 444 1223 apud
454 1158 586 1206 Homerum
596 1157 720 1222 sepissime
730 1159 757 1208 N
757 1173 793 1208 es-¹

123 1233 160 1272 tor
174 1223 203 1271 de
218 1223 340 1272 virtutibus
355 1224 401 1272 suis
415 1222 539 1286 praedicet?
559 1223 650 1270 tertiam
664 1224 727 1271 enim
740 1225 791 1284 jam

125 1297 216 1336 aetatem
232 1287 355 1335 hominum
372 1287 476 1335 vivebat=
496 1302 538 1335 nee
555 1295 603 1334 erat
620 1287 790 1348 alterandum,

126 1367 164 1412 ne,
174 1368 227 1401 vera
237 1351 266 1399 de
273 1368 297 1400 se
304 1352 437 1416 preditam,
446 1351 514 1398 nimia
522 1351 636 1399 videretur
643 1359 684 1399 aut
691 1352 791 1400 insolens

126 1428 168 1466 aut
177 1418 270 1480 loquax.
287 1417 382 1464 Etenim
392 1419 430 1470 (ut
438 1416 469 1463 ait
478 1415 605 1472 Homerus)
616 1416 702 1476 exejus
709 1416 791 1478 lingtxa

126 1483 195 1529 melle
212 1481 299 1528 dulcior
316 1481 402 1528 fluebat
417 1479 504 1536 metior
524 1493 595 1543 quam
609 1479 639 1526 ed
655 1480 789 1528 suauitatem
867 1499 869 1506 ⁴

127 1545 197 1592 nullis
214 1547 295 1606 egebat
313 1544 411 1608 eorporis
430 1544 532 1592 viribus:
555 1551 578 1590 et
593 1551 670 1592 tamen
686 1545 735 1592 dux
749 1544 790 1592 ille

126 1607 221 1656 Grauia
231 1615 346 1670 nusquam
356 1616 429 1670 optat,
440 1617 467 1655 ut
477 1608 557 1669 Ajaois
568 1606 653 1656 similes
660 1609 743 1656 habeat
750 1608 789 1656 de-

124 1686 184 1731 cem,
196 1680 220 1719 at
229 1678 256 1717 ut
271 1670 388 1728 Nestorisg
405 1672 469 1734 quod
479 1671 499 1720 si
508 1671 622 1732 acciderit,
632 1686 680 1720 non
691 1671 787 1733 dubias,

124 1735 183 1799 quin
193 1735 257 1782 brevi
267 1733 340 1796 Troia
350 1735 380 1782 sit
388 1735 496 1798 peritura.

64 1817 130 1890 f
158 1799 377 1846 Sedredeoadme
394 1799 511 1858 Quartum
522 1809 788 1866 annumagoetoctoge-

124 1862 225 1910 simumr
272 1863 350 1910 uidem
364 1879 430 1926 posse
444 1865 527 1912 vellem
541 1864 603 1912 idem
617 1865 717 1928 gloriari,
729 1863 788 1940 quod

124 1927 215 1990 Cyrus:
274 1927 485 1992 ·tan1enhooqueo
499 1927 581 1988 dicere,
592 1944 639 1976 non
649 1944 688 1978 me
697 1930 788 1993 quidem
824 1959 827 1964 -

124 1991 154 2038 iis
164 2007 212 2039 esse
224 1991 318 2051 viribus,
330 1992 415 2055 quibus
429 2001 470 2040 aut
483 1993 550 2040 miles
564 1993 625 2041 bello
640 1992 736 2054 Panion,
750 2003 788 2043 aut
915 1995 916 2006 ¹

124 2065 225 2119 quantor
235 2055 315 2104 eodem
326 2057 395 2116 bello,
406 2065 447 2104 aut
457 2057 536 2105 eonsul
544 2057 568 2104 in
577 2057 692 2121 Hispanil
698 2057 787 2119 fuerin,

124 2128 166 2168 aut
179 2120 329 2195 quqdn'ennio
420 2136 482 2181 eum,
502 2121 735 2208 tribqrnusmiliaaris,
751 2123 788 2190 de-

123 2199 231 2296 nn
244 2183 657 2308 nlnffin'nnlnllll
666 2185 788 2325 llll?

124 2311 241 2359 menard
251 2327 294 2360 neo
304 2311 386 2361 afflixit
396 2321 513 2362 semeonis:
528 2327 576 2360 non
587 2314 650 2362 ouria
660 2329 718 2363 mes
728 2329 785 2374 meas

124 2374 244 2432 desiderat,
260 2390 307 2423 non
322 2377 415 2436 Rostra,
427 2391 474 2424 non
486 2376 563 2436 antici,
574 2391 621 2424 non
632 2377 733 2438 clienta,
743 2393 784 2428 non

184 2437 239 2485 'test
256 2453 299 2486 nec
309 2440 371 2487 enim
382 2454 487 2502 unquam
497 2456 550 2488 sum
560 2455 664 2490 mensus
674 2442 742 2490 veteri
752 2442 783 2490 illl

123 2437 163 2548 iim
194 2509 263 2565 toque
276 2503 403 2565 proverbio,
416 2503 479 2566 quod
492 2512 578 2564 monet,
594 2513 685 2554 mature
697 2506 744 2554 fieri
753 2521 784 2554 se·

123 2575 187 2624 nem,
199 2565 471 2616 sidiovelisesseaenex.
489 2567 783 2630 Egovnomeminrndia
