1856 2952
295 169 445 219 TIMAEUS.
463 169 527 218 Car.
545 171 582 218 14.
725 170 773 217 445

87 299 199 364 ligentii
209 308 279 364 atque
288 299 384 357 ratione,
396 315 456 362 quae,
464 298 508 346 nisi
519 298 542 345 in
554 297 639 357 animo,
651 297 717 346 nulle
727 298 773 346 alit

91 365 121 412 in
133 365 223 413 naturir
237 365 386 427 reperiantur.
400 364 504 410 Animus
522 371 598 410 autem
614 377 705 410 sensum
722 378 773 410 om„

91 445 156 477 nem
168 429 250 492 effugit
260 428 386 476 oculorum.
403 432 439 474 At
446 428 515 491 ignis,
527 436 550 474 et
560 442 629 489 aqua,
641 436 663 474 et
673 436 740 485 terra,
750 437 773 476 et

93 495 148 554 atr,
171 509 265 556 corpora
279 500 341 549 sunt,
355 507 427 555 eaque
445 499 576 538 cernuntur.
595 491 667 538 lllum
685 501 771 551 autem,

94 559 142 622 qui
153 557 313 622 intelligentia
326 556 487 619 sapientiaeque
504 571 527 602 se
537 563 662 602 amatorem
679 556 771 618 profite-

94 632 148 681 tur,
160 629 301 677 necessust,
313 620 459 682 intelligentis
470 619 772 683 sapientisque‘naturaepri-

10 685 11 688 ’
78 723 80 728 ,
96 703 153 734 mas
171 701 249 733 causas
263 683 412 748 conquirere;
430 684 512 731 deinde
527 683 637 732 secundas
647 699 725 731 causas
735 700 772 732 re-

10 757 11 772 *
95 766 155 798 rum
167 765 245 797 earum
262 765 314 813 quae
331 748 454 796 necessario
468 757 562 795 movent
571 749 635 808 alias,
653 763 705 796 cum
717 749 772 812 ipsae

97 817 130 862 ab
151 813 204 861 aliis
221 822 349 861 moventur.
367 812 489 870 Quocirca,
508 812 573 860 nobis
591 811 622 860 sic
640 827 706 858 cerno
725 828 773 860 esse

98 878 243 938 faciendum,
260 886 287 924 ut
305 877 333 924 de
344 886 441 940 utroque
457 891 498 924 nos
509 876 602 940 quidem
619 876 722 924 dicamus
732 891 772 940 ge·
820 905 822 910 ·

99 959 157 991 nere
168 958 298 1000 causarum,
307 941 428 1004 separatim
437 950 514 988 autem
526 941 554 988 de
564 941 601 998 iis,
613 957 665 1004 quae
673 957 725 988 cum
735 941 772 988 in·

98 1007 229 1070 telligentii
240 1016 294 1054 sunt
302 1006 422 1054 efficientes
432 1005 637 1069 pulcherrimarum
649 1021 725 1052 remur
737 1015 772 1053 at-

100 1087 148 1136 que
159 1071 299 1134 optimarum
308 1088 316 1127 3
334 1080 357 1118 et
367 1070 396 1118 de
406 1071 442 1130 iis,
452 1087 512 1134 quta,
524 1079 628 1118 vacantes
638 1069 769 1134 pmdentii,

10 1147 12 1158 ’
99 1136 253 1184 inconstantia
271 1137 448 1199 perturbataque
467 1135 574 1182 efficiunt
592 1135 675 1182 Aede
693 1135 771 1182 oculo-

100 1216 156 1248 rum
176 1200 271 1262 quidem
289 1199 371 1257 causis,
393 1207 420 1245 ut
437 1199 547 1245 haberent
565 1214 615 1245 eam
633 1199 681 1246 vim
697 1215 769 1262 quam

102 1279 166 1312 nunc
175 1263 270 1321 habent,
282 1263 335 1310 satis
345 1263 417 1309 ferme
428 1278 474 1310 esse
484 1263 571 1309 dictum
582 1272 646 1326 puto.
661 1264 769 1311 Maxima

103 1337 182 1376 autern
193 1342 272 1374 corum
288 1327 382 1387 utilitas,
400 1326 483 1373 donata
498 1327 600 1373 humano
615 1327 692 1389 generi
708 1327 771 1375 Deo-

10 1401 11 1468 ]
60 1420 63 1426 ,
104 1407 158 1440 rum
169 1406 273 1450 munere,
289 1391 394 1454 deinceps
405 1391 537 1453 explicetur.
557 1391 645 1438 Rerum
656 1391 718 1438 enim
729 1408 770 1456 op-

104 1457 214 1504 timorum
233 1455 371 1519 cognitiones
392 1456 458 1502 nobis
479 1455 539 1502 oculi
555 1455 695 1502 attulerunt
706 1456 771 1504 Nam

104 1520 161 1580 haec,
174 1536 226 1584 quae
242 1529 275 1568 est
286 1519 364 1568 habita
380 1519 408 1567 de
425 1519 578 1566 Universitate
588 1519 660 1566 oratio
670 1535 684 1566 a
694 1521 768 1579 nobie,

104 1585 167 1632 haud
181 1599 284 1649 unquam
297 1593 354 1634 caret
369 1584 469 1642 inventa,
482 1583 501 1630 si
517 1599 591 1646 neque
602 1583 683 1643 sidera,
695 1599 774 1648 neque

106 1650 147 1710 sol,
164 1665 237 1712 neque
251 1649 343 1708 culum,
359 1651 402 1696 sub
417 1649 535 1696 oculorum
547 1647 679 1711 adspectum
691 1649 769 1696 cadere

105 1713 235 1777 potuissent
253 1714 324 1761 Nunc
331 1729 384 1761 vero
392 1713 440 1760 dies
450 1721 571 1776 noctesque
581 1711 653 1760 oculis
663 1713 768 1776 cognitae,

106 1786 155 1824 tum
165 1779 278 1826 mensium
293 1793 452 1840 annorumque
466 1777 628 1835 conversiones,
640 1777 670 1825 ad
686 1792 774 1826 uume-v

107 1857 158 1888 rum
168 1843 302 1890 machinata
312 1851 374 1902 sunt,
389 1851 412 1890 et
424 1843 527 1905 spatium¹
537 1842 645 1904 temporis
655 1842 770 1890 demensae

109 1913 168 1964 sunt,
179 1914 201 1952 et
215 1907 245 1953 ad
259 1907 407 1969 quastionem
422 1905 492 1953 totius
508 1914 595 1952 naturae
609 1906 766 1969 impulerunt=

110 1969 189 2032 quibus
204 1985 233 2016 ex
249 1972 316 2018 rebus
332 1969 500 2034 philosophiam
515 1969 591 2031 adepti
607 1985 703 2018 sumunt
722 1985 776 2033 quo·

109 2035 166 2082 bono
176 2033 266 2080 nullum
273 2034 409 2096 optabilius,
428 2034 519 2080 nullum
530 2033 682 2096 praeatantiua
694 2049 774 2096 nequet

112 2097 186 2144 datum
197 2106 230 2144 est
240 2098 371 2152 mortalium
383 2097 460 2160 generi
470 2097 574 2146 Deorum
585 2112 690 2146 concessu
701 2107 772 2161 atque

111 2176 207 2222 munere,
219 2161 425 2226 nequedabitur.'
443 2161 457 2188 ⁶
475 2161 489 2188 ⁶

304 2285 387 2332 Multo
398 2285 566 2332 desideraretur.

147 2772 250 2838 (Philus.)
263 2787 326 2821 vor.
340 2788 377 2822 ιν.
560 2775 575 2820 2
588 2787 607 2823 u
