1858 2946
108 87 142 136 es
174 83 222 136 nn
233 85 484 150 mvmsmorm,
497 85 558 136 uu.
567 86 589 135 1.
600 85 714 136 cmm.

108 215 134 265 0
144 219 227 280 potins
237 224 340 264 terrerum
348 225 372 266 et
381 224 497 266 moretum
507 223 578 278 etque
588 215 660 264 molle
668 215 675 262 l
688 213 727 262 sed
735 214 780 262 hoe

110 281 189 328 minus
196 281 227 328 ed
237 295 293 328 rem.
311 281 383 340 Illud,
395 281 458 345 quod
468 281 584 340 volumus,
596 293 730 344 expressum
738 287 782 340 est,

111 353 139 392 ut
149 345 267 392 vaticinari
278 345 342 393 furor
352 361 405 394 vere
415 346 492 394 soleat.

142 461 161 488 “
171 458 255 518 Adest,
269 457 333 533 ¹rulest
349 457 390 506 fax
406 458 516 506 obvolute
532 455 645 520 sunguine
659 463 729 520 utque
742 455 780 504 in-

144 523 318 634 ungilis
331 587 407 634 utus
424 586 500 647 cim,
512 585 569 634 rere
579 601 657 649 opem,
668 591 691 632 e
700 583 782 632 men.

209 650 299 713 κων

110 753 291 866 Peusnilnclusus
301 771 394 819 corpore
403 755 507 804 humano
515 756 575 818 jem,
587 769 634 804 non
645 751 781 814 ceremur,

123 834 178 883 oqur
204 835 231 867 rr
765 865 768 874 ,

145 922 274 985 “Jamque
284 922 344 970 mari
354 936 440 984 megno
450 922 529 970 dussis
540 922 585 986 cite

146 985 260 1034 Texitur:
279 985 375 1034 exitium
386 1001 484 1033 examen
495 987 570 1050 rapit:

145 1049 258 1109 Advenit,
270 1058 293 1097 et
303 1049 350 1097 fera
361 1049 536 1098 velivolantibus

147 1113 251 1161 Navibu’
262 1113 384 1178 complevit
395 1114 475 1161 manu'
485 1113 578 1162 litora-’⁹

147 1241 261 1292 XXXII.
278 1243 412 1309 magelin
421 1244 488 1310 loqui
497 1243 583 1306 videor,
596 1252 619 1292 et
629 1243 734 1292 fabulas?
751 1243 788 1291 At

116 1323 146 1356 ex
157 1309 239 1374 teipso
250 1325 297 1357 non
308 1309 491 1360 commenticiam
501 1327 559 1372 rem,
571 1310 610 1358 sed
621 1310 713 1370 factem,
727 1309 789 1370 ejus-

112 1371 172 1421 *dem
190 1374 279 1438 generis
298 1375 389 1424 audivi:
414 1375 442 1423 C.
462 1375 593 1438 Coponimu
613 1373 643 1421 ed
660 1382 684 1422 te
702 1373 790 1422 venisse

111 1436 274 1502 ‘Dyrrhachiu
294 1455 347 1487 cum
366 1439 471 1502 praeton'o
489 1439 586 1503 imperio
605 1437 670 1484 classi
690 1436 790 1484 Rhodie

116 1511 232 1564 preesset,
244 1503 378 1564 cumprimis
388 1503 505 1549 hominem
513 1501 650 1564 prudentem
658 1509 728 1564 utque
736 1502 790 1549 doc·

118 1574 185 1612 tumr
204 1581 304 1626 eumque
318 1565 410 1622 dixisse,
427 1565 537 1625 remigem
552 1565 677 1625 quemdem
692 1579 705 1611 e
719 1565 789 1626 quin.

118 1628 223 1688 queremi
234 1626 379 1674 Rhodiomm
389 1626 546 1686 vaticinatum,
559 1629 577 1654 “
588 1625 749 1674 Modefectum
760 1628 790 1675 iri

118 1689 196 1736 minus
218 1689 294 1736 XXX
312 1689 393 1736 diebus
412 1689 526 1736 Graeciem
547 1689 672 1752 snrrgulner
696 1705 722 1736 ra
738 1691 790 1742 ines
894 1691 896 1695 '

118 1751 266 1815 Dyrrhachii,
283 1760 306 1800 et
320 1752 502 1800 conscensionem
519 1752 545 1800 iu
562 1767 631 1801 naves
645 1767 698 1798 cum
757 1754 787 1810 *3

112 1815 305 1879 mgimtibusque
321 1816 474 1864 miserabilem
489 1825 617 1880 respecurm
631 1814 789 1864 incendiomm

118 1878 182 1928 foret
200 1881 239 1929 sed
251 1881 395 1928 Rhodiorum
409 1879 474 1928 classi
484 1881 641 1945 propinquum
651 1879 751 1927 reditum
761 1893 788 1926 sc

119 1942 218 1992 domum
235 1945 327 1993 itionem
346 1943 420 1992 deri.”
444 1945 509 1992 'l'um
523 1960 599 2008 neque
613 1944 726 2008 teipsum
740 1957 788 1990 non

120 2021 169 2054 esse
178 2019 335 2057 commotum.
349 2009 504 2073 Marcumque
514 2009 651 2068 Varronem,
663 2017 686 2055 et
696 2007 733 2054 Μ.
743 2007 788 2054 Cs-

120 2078 207 2132 tonem,
225 2073 266 2137 qui
285 2081 336 2121 tum
353 2073 388 2121 ibi
406 2082 478 2133 eruit,
496 2072 573 2121 doctos
592 2072 703 2132 homines,
720 2071 789 2119 vehe-

121 2144 211 2184 menter
222 2153 269 2185 esse
341 2137 422 2186 nitor:
469 2137 518 2186 ucis
528 2153 582 2188 sane
592 2145 644 2201 post
654 2135 742 2194 diebus,
759 2149 789 2183 ex
811 2179 813 2183 .

124 2199 258 2248 Pharsalici
286 2203 332 2264 ogi
343 2201 430 2250 venisse
476 2202 586 2258 bienumr
603 2201 711 2265 quicum
721 2200 792 2248 inter-

122 2261 184 2311 itum
205 2266 316 2313 exercitiis
336 2267 494 2324 utrumvisset,
517 2266 605 2329 reliqua
626 2264 793 2313 vaticinationis

122 2327 188 2376 brevi
199 2344 246 2378 esse
256 2329 364 2378 confecto.
382 2331 446 2378 Num
457 2339 480 2378 et
491 2345 519 2378 ex
529 2329 616 2378 horreis
630 2329 746 2394 direptum
759 2328 793 2377 el-

121 2389 249 2456 fusumque
256 2393 399 2442 frumentum
408 2395 455 2442 vies
463 2409 542 2443 omnes
550 2395 730 2459 angiportusque
738 2409 793 2442 con·

122 2463 246 2512 streverat;
264 2465 287 2503 et
303 2471 371 2504 neves
389 2457 464 2504 subito
481 2459 593 2521 perterriti
607 2469 672 2507 metu
686 2474 793 2507 conscen-

115 2517 204 2576 -dluis3
221 2527 244 2566 et
254 2527 331 2577 noctu,
348 2519 378 2566 ed
388 2521 500 2584 oppidum
510 2523 661 2586 respicientes,
672 2524 794 2588 flagrantes

124 2583 247 2644 onerarias,
264 2597 322 2646 ques
333 2583 479 2632 incenderunt
494 2587 588 2648 milites,
605 2589 661 2652 quis
674 2588 740 2654 sequi
754 2603 796 2637 uo.
