1864 2958
221 237 269 287 nn
284 238 519 305 oan1011s,·'o1s.
531 241 582 293 111.
599 239 663 294 mr.
674 239 699 293 a:
747 245 795 296 aaa

164 363 211 415 lv.
227 366 286 416 Haec
300 368 371 432 igitur
384 370 466 433 offitia,
482 371 511 420 de
524 372 609 436 quibus
622 372 658 420 his
670 373 736 422 libris
750 373 798 421 dis«

128 429 236 489 serimus,
245 433 311 495 quasi
321 436 420 483 senmda
429 436 535 500 quedam
546 436 641 484 honesta
651 453 698 485 esse
708 438 797 498 dicunt,

128 509 178 542 non
189 496 317 559 sapientum
327 499 397 547 modo
407 501 507 564 propria,
524 500 563 548 sed
578 515 632 548 oum
646 502 710 548 omni
723 501 801 564 homi-¹

128 573 190 606 num
200 575 282 622 genere
289 564 428 612 eommunia.
445 567 528 628 Itaque
538 564 574 612 his
581 579 668 623 omnes,
680 566 705 612 in
715 566 800 628 quibua

129 631 166 671 est
182 623 272 672 virtutis
288 625 384 687 indoles,
402 636 581 677 oommovantur.
605 629 656 676 Nec
670 644 731 687 vero,
746 645 800 676 eum

130 687 180 734 duo
190 687 266 747 Decii,
278 699 318 738 aut
332 690 379 739 duo
390 693 514 756 Scipiones,
526 692 594 740 fortes
604 693 647 740 viri
662 707 801 740 oommemo·

130 760 221 812 rantur,
233 761 274 800 aut
284 769 337 801 eum
348 755 475 815 Fabricius,
488 756 630 804 Aristidesve
638 757 714 818 justus
725 757 800 804 nomi·

130 823 210 874 natur,
226 825 266 863 aut
280 821 309 866 ab
324 819 378 878 illis,
392 820 540 878 fortitudinis,
551 829 592 869 aut
601 823 631 868 ab
642 820 686 880 his,
696 821 799 882 justitia,

130 887 442 1017 mmmm
453 893 544 1009 aa

130 1007 245 1072 intelligi:
262 1025 304 1058 neo
317 1010 343 1070 ii,
359 1013 400 1075 qui
414 1013 524 1076 sapientes
538 1013 612 1060 habiti
625 1021 680 1061 sunt
694 1023 717 1061 et
726 1013 802 1060 nonu·

132 1073 191 1130 nati,
207 1073 244 1120 Μ.
254 1073 312 1122 Cato
331 1084 353 1122 et
367 1076 395 1124 C.
407 1075 502 1137 halim,
519 1077 630 1140 sapientes
643 1077 753 1134 suerum
771 1093 801 1125 ne

131 1135 168 1183 illi
184 1136 278 1200 quidam
296 1148 397 1202 septenne
416 1141 463 1199 sed,
482 1157 519 1192 ex*
529 1141 659 1188 mediorum
675 1141 801 1190 officiorum

131 1200 270 1264 frequentii,
290 1203 463 1252 similitudinem
482 1204 608 1269 quamdam
624 1208 733 1268 geiebant
751 1221 802 1270 spe-

133 1265 238 1328 ciemque
248 1266 383 1331 sapientum.

166 1329 614 1396 Quoeimaneoidquodverehonestum
621 1333 802 1392 eetfmmeum

133 1393 240 1442 utilitatis
246 1397 397 1459 repugnandi
401 1397 540 1460 comparum
549 1411 591 1445 nec
598 1395 623 1442 id
633 1397 735 1460 quid,
740 1397 803 1461 quod

134 1459 287 1507 communiter
301 1461 443 1524 appellamus
460 1462 590 1520 honestum,
608 1460 671 1524 quod
681 1462 762 1508 colitur
773 1463 802 1509 ab

133 1521 162 1570 iis
170 1523 211 1586 qui
219 1525 290 1572 bonos
301 1539 324 1572 se
331 1525 390 1573 viros
397 1526 476 1574 haberi
483 1526 572 1584 volunt,
581 1539 635 1572 oum
643 1525 803 1574 emolumentis

135 1601 241 1650 unquam
257 1597 290 1636 eat
307 1590 501 1664 comparandume
518 1599 613 1702 nemppe
628 1588 653 1636 id
671 1589 801 1650 honestum,

135 1650 199 1714 quod
208 1651 234 1698 in
244 1661 345 1700 nostram
355 1654 530 1717 intelligentiam
584 1654 610 1712 't
626 1653 738 1701 tuendum
748 1668 803 1701 oon-

136 1715 319 1779 servandumque
329 1726 363 1766 est
373 1719 447 1778 nobis,
459 1734 530 1782 quam
540 1718 573 1778 id,
589 1717 651 1794 puod
667 1718 758 1781 proprie
767 1718 804 1765 di·

136 1778 204 1890 ἓξξ
214 1791 380 1893 ξὲξξξὲ
400 1783 530 1905 ἓὲξὲξ
538 1782 805 1895 iffi&

136 1907 269 1970 pmgrasaio.
286 1855 498 1974 Sealhazpdtliliidenll
503 1911 532 1958 de
541 1911 577 1970 iia,
587 1910 629 1974 qui
638 1911 806 1958 conservatione

138 1970 264 2018 offidorum
274 1973 506 2022 existimanmrboni.
653 2005 655 2012 ν

171 2033 221 2093 Qui
231 2045 309 2084 autem
319 2038 397 2086 omnia
407 2038 534 2086 metiuntur
544 2037 704 2085 emolumentis
712 2044 734 2084 et
742 2053 805 2085 oom-

138 2099 221 2159 modis‚
239 2115 255 2146 n
284 2117 314 2149 ue
324 2117 351 2149 ea
361 2102 442 2150 volunt
456 2100 623 2166 preponderaii
637 2101 761 2160 honestate,
780 2101 805 2148 hi

139 2164 220 2222 soluit,
231 2164 256 2210 in
283 2165 420 2224 eliberando‚
430 2167 552 2214 honestum
565 2179 619 2212 oum
629 2179 664 2222 eo,
676 2164 738 2228 quod
749 2165 806 2212 utile

138 2236 230 2291 putant,
249 2243 393 2293 compararat
415 2231 471 2278 boni
489 2229 532 2278 vin'
550 2243 596 2276 non
614 2229 693 2276 solent
724 2228 807 2292 Itaque

139 2292 252 2351 existimo,
265 2293 403 2353 Panaetium,
417 2310 471 2342 oum
485 2293 569 2342 dixeiit
582 2291 686 2340 homines
700 2293 771 2340 solere
781 2293 807 2340 in

137 2355 181 2404 hac
192 2358 359 2420 eomparatione
369 2358 481 2419 dubitare,
492 2359 536 2406 hoo
543 2358 620 2420 ipsum
631 2357 732 2414 sensim,
744 2357 807 2420 quod

139 2419 231 2478 dixerit,
249 2421 319 2470 solare
336 2422 413 2482 modo,
433 2438 480 2471 non
499 2421 568 2470 etiam
587 2429 703 2484 oportere:
721 2421 807 2468 etenim

140 2498 187 2532 non
204 2485 274 2540 modo
290 2486 362 2549 pluris
376 2497 457 2550 putare
466 2486 530 2550 quod
540 2485 597 2533 utile
607 2484 718 2542 videatur,
735 2499 807 2547 quam

142 2547 204 2611 quod
214 2548 351 2606 honestumz
369 2551 408 2598 sad
422 2551 471 2599 haeo
483 2550 553 2598 etiam
563 2550 622 2597 inter
632 2564 656 2596 aa
666 2563 806 2611 oomparare,

142 2620 165 2659 et
174 2611 199 2658 in
209 2612 246 2662 his
256 2612 398 2674 addubitare,
406 2615 564 2679 turpissimum
572 2622 612 2662 est.
629 2611 695 2671 Quid
703 2621 737 2660 est
744 2627 807 2674 ergo,

85 2733 88 2738 ,
143 2675 205 2738 quod
214 2690 381 2742 nonnunquam
391 2679 557 2729 dubitationem
568 2677 647 2728 afferre
661 2677 739 2738 soleat,
754 2689 808 2725 oon-
