<?xml version="1.0" encoding="UTF-8"?>
<!DOCTYPE html PUBLIC "-//W3C//DTD XHTML 1.0 Transitional//EN"
    "http://www.w3.org/TR/xhtml1/DTD/xhtml1-transitional.dtd">
<html xmlns="http://www.w3.org/1999/xhtml" xml:lang="en" lang="en">
 <head>
  <title>
</title>
<meta http-equiv="Content-Type" content="text/html;charset=utf-8" />
  <meta name='ocr-system' content='tesseract 3.04.00' />
  <meta name='ocr-capabilities' content='ocr_page ocr_carea ocr_par ocr_line ocrx_word'/>
</head>
<body>
  <div class='ocr_page' id='page_1' title='image "./operaexeditioni02cicegoog_0328.png"; bbox 0 0 1864 2958; ppageno 0'>
   <div class='ocr_carea' id='block_1_1' title="bbox 237 191 810 256">
    <p class='ocr_par' dir='ltr' id='par_1_1' title="bbox 237 191 810 256">
     <span class='ocr_line' id='line_1_1' title="bbox 237 191 810 256; baseline -0.003 -14"><span class='ocrx_word' id='word_1_1' title='bbox 237 191 284 242; x_wconf 83' lang='lat' dir='ltr'>DE</span> <span class='ocrx_word' id='word_1_2' title='bbox 301 191 457 256; x_wconf 83' lang='lat' dir='ltr'>0FFICIIS,</span> <span class='ocrx_word' id='word_1_3' title='bbox 469 193 529 244; x_wconf 79' lang='lat' dir='ltr'>nra</span> <span class='ocrx_word' id='word_1_4' title='bbox 542 193 591 244; x_wconf 90' lang='lat'>111.</span> <span class='ocrx_word' id='word_1_5' title='bbox 604 195 668 244; x_wconf 77' lang='lat' dir='ltr'>Gar.</span> <span class='ocrx_word' id='word_1_6' title='bbox 678 196 719 242; x_wconf 74' lang='lat'>22.</span> <span class='ocrx_word' id='word_1_7' title='bbox 761 191 810 240; x_wconf 77' lang='lat'>319</span> 
     </span>
    </p>
   </div>
   <div class='ocr_carea' id='block_1_2' title="bbox 142 320 810 1666">
    <p class='ocr_par' dir='ltr' id='par_1_2' title="bbox 142 320 809 652">
     <span class='ocr_line' id='line_1_2' title="bbox 142 320 809 388; baseline 0 -20"><span class='ocrx_word' id='word_1_8' title='bbox 142 320 243 369; x_wconf 74' lang='lat' dir='ltr'>wando</span> <span class='ocrx_word' id='word_1_9' title='bbox 255 323 293 381; x_wconf 80' lang='lat' dir='ltr'>sit,</span> <span class='ocrx_word' id='word_1_10' title='bbox 309 331 344 381; x_wconf 83' lang='lat' dir='ltr'>ut,</span> <span class='ocrx_word' id='word_1_11' title='bbox 359 323 401 388; x_wconf 88' lang='lat' dir='ltr'>qui</span> <span class='ocrx_word' id='word_1_12' title='bbox 415 323 480 371; x_wconf 81' lang='lat' dir='ltr'>illam</span> <span class='ocrx_word' id='word_1_13' title='bbox 496 323 612 386; x_wconf 71' lang='lat' dir='ltr'>eripuerit,</span> <span class='ocrx_word' id='word_1_14' title='bbox 627 325 652 371; x_wconf 84' lang='lat' dir='ltr'>in</span> <span class='ocrx_word' id='word_1_15' title='bbox 666 321 770 372; x_wconf 69' lang='lat' dir='ltr'>maxine</span> <span class='ocrx_word' id='word_1_16' title='bbox 786 329 809 367; x_wconf 84' lang='lat' dir='ltr'>et</span> 
     </span>
     <span class='ocr_line' id='line_1_3' title="bbox 143 385 809 450; baseline -0.003 -17"><span class='ocrx_word' id='word_1_17' title='bbox 143 385 218 448; x_wconf 74' lang='lat' dir='ltr'>gratib</span> <span class='ocrx_word' id='word_1_18' title='bbox 227 386 320 436; x_wconf 81' lang='lat' dir='ltr'>futurus</span> <span class='ocrx_word' id='word_1_19' title='bbox 330 387 360 434; x_wconf 87' lang='lat' dir='ltr'>sit</span> <span class='ocrx_word' id='word_1_20' title='bbox 370 397 392 435; x_wconf 88' lang='lat' dir='ltr'>et</span> <span class='ocrx_word' id='word_1_21' title='bbox 402 388 475 450; x_wconf 74' lang='lat' dir='ltr'>glorie</span> <span class='ocrx_word' id='word_1_22' title='bbox 485 391 496 436; x_wconf 86' lang='lat'>?</span> <span class='ocrx_word' id='word_1_23' title='bbox 519 388 590 449; x_wconf 83' lang='lat' dir='ltr'>Quod</span> <span class='ocrx_word' id='word_1_24' title='bbox 601 389 620 436; x_wconf 86' lang='lat' dir='ltr'>si</span> <span class='ocrx_word' id='word_1_25' title='bbox 630 388 679 436; x_wconf 75' lang='lat' dir='ltr'>heo</span> <span class='ocrx_word' id='word_1_26' title='bbox 686 387 752 435; x_wconf 87' lang='lat' dir='ltr'>utilia</span> <span class='ocrx_word' id='word_1_27' title='bbox 762 400 809 432; x_wconf 93' lang='lat' dir='ltr'>non</span> 
     </span>
     <span class='ocr_line' id='line_1_4' title="bbox 143 449 809 528; baseline 0 -32"><span class='ocrx_word' id='word_1_28' title='bbox 143 459 206 525; x_wconf 79' lang='lat' dir='ltr'>sunt,</span> <span class='ocrx_word' id='word_1_29' title='bbox 219 467 271 514; x_wconf 81' lang='lat' dir='ltr'>quoe</span> <span class='ocrx_word' id='word_1_30' title='bbox 281 451 382 526; x_wconf 71' lang='lat' dir='ltr'>maxirne</span> <span class='ocrx_word' id='word_1_31' title='bbox 393 451 507 528; x_wconf 68' lang='lat' dir='ltr'>uidentur,</span> <span class='ocrx_word' id='word_1_32' title='bbox 519 453 574 516; x_wconf 87' lang='lat' dir='ltr'>quia</span> <span class='ocrx_word' id='word_1_33' title='bbox 589 452 658 515; x_wconf 85' lang='lat' dir='ltr'>plena</span> <span class='ocrx_word' id='word_1_34' title='bbox 674 460 727 499; x_wconf 89' lang='lat' dir='ltr'>sunt</span> <span class='ocrx_word' id='word_1_35' title='bbox 741 449 809 497; x_wconf 83' lang='lat' dir='ltr'>dede-</span> 
     </span>
     <span class='ocr_line' id='line_1_5' title="bbox 142 515 808 652; baseline 0.003 -27"><span class='ocrx_word' id='word_1_36' title='bbox 142 515 714 644; x_wconf 57' lang='lat' dir='ltr'>bbbtbtffibbatffiffl</span> <span class='ocrx_word' id='word_1_37' title='bbox 732 515 808 652; x_wconf 48' lang='lat' dir='ltr'>‘Q’</span> 
     </span>
    </p>

    <p class='ocr_par' dir='ltr' id='par_1_3' title="bbox 142 641 810 1666">
     <span class='ocr_line' id='line_1_6' title="bbox 176 641 809 708; baseline 0.005 -19"><span class='ocrx_word' id='word_1_38' title='bbox 176 641 263 690; x_wconf 87' lang='lat' dir='ltr'><strong>XXII.</strong></span> <span class='ocrx_word' id='word_1_39' title='bbox 280 644 430 707; x_wconf 76' lang='lat' dir='ltr'><strong>Quamquam</strong></span> <span class='ocrx_word' id='word_1_40' title='bbox 444 644 469 691; x_wconf 89' lang='lat' dir='ltr'>id</span> <span class='ocrx_word' id='word_1_41' title='bbox 483 644 586 708; x_wconf 87' lang='lat' dir='ltr'>quidem,</span> <span class='ocrx_word' id='word_1_42' title='bbox 602 659 656 692; x_wconf 84' lang='lat' dir='ltr'>cum</span> <span class='ocrx_word' id='word_1_43' title='bbox 671 658 730 706; x_wconf 82' lang='lat' dir='ltr'>saepe</span> <span class='ocrx_word' id='word_1_44' title='bbox 745 641 809 704; x_wconf 66' lang='lat' dir='ltr'>aliae,</span> 
     </span>
     <span class='ocr_line' id='line_1_7' title="bbox 144 707 810 772; baseline -0.002 -20"><span class='ocrx_word' id='word_1_45' title='bbox 144 713 196 753; x_wconf 85' lang='lat' dir='ltr'>tum</span> <span class='ocrx_word' id='word_1_46' title='bbox 205 707 356 769; x_wconf 88' lang='lat' dir='ltr'>Pyrrhibello</span> <span class='ocrx_word' id='word_1_47' title='bbox 366 724 381 756; x_wconf 90' lang='lat' dir='ltr'>a</span> <span class='ocrx_word' id='word_1_48' title='bbox 391 708 418 755; x_wconf 84' lang='lat' dir='ltr'>G.</span> <span class='ocrx_word' id='word_1_49' title='bbox 431 708 544 767; x_wconf 76' lang='lat' dir='ltr'>Fabricio,</span> <span class='ocrx_word' id='word_1_50' title='bbox 556 708 648 756; x_wconf 84' lang='lat' dir='ltr'>consule</span> <span class='ocrx_word' id='word_1_51' title='bbox 658 707 750 772; x_wconf 73' lang='lat' dir='ltr'>iterum,</span> <span class='ocrx_word' id='word_1_52' title='bbox 762 713 785 752; x_wconf 86' lang='lat' dir='ltr'>et</span> <span class='ocrx_word' id='word_1_53' title='bbox 795 720 810 751; x_wconf 92' lang='lat' dir='ltr'>a</span> 
     </span>
     <span class='ocr_line' id='line_1_8' title="bbox 143 767 809 836; baseline -0.002 -19"><span class='ocrx_word' id='word_1_54' title='bbox 143 778 224 817; x_wconf 79' lang='lat' dir='ltr'>uenatu</span> <span class='ocrx_word' id='word_1_55' title='bbox 235 779 320 830; x_wconf 79' lang='lat' dir='ltr'>nostro,</span> <span class='ocrx_word' id='word_1_56' title='bbox 331 771 460 833; x_wconf 86' lang='lat' dir='ltr'>judicatum</span> <span class='ocrx_word' id='word_1_57' title='bbox 471 782 511 821; x_wconf 86' lang='lat' dir='ltr'>est</span> <span class='ocrx_word' id='word_1_58' title='bbox 539 773 601 821; x_wconf 84' lang='lat' dir='ltr'>Cum</span> <span class='ocrx_word' id='word_1_59' title='bbox 616 769 679 836; x_wconf 73' lang='lat' dir='ltr'>enim&#39;</span> <span class='ocrx_word' id='word_1_60' title='bbox 692 785 734 817; x_wconf 86' lang='lat' dir='ltr'>rex</span> <span class='ocrx_word' id='word_1_61' title='bbox 749 767 809 831; x_wconf 88' lang='lat' dir='ltr'>Pyr-</span> 
     </span>
     <span class='ocr_line' id='line_1_9' title="bbox 143 833 810 892; baseline -0.001 -12"><span class='ocrx_word' id='word_1_62' title='bbox 143 833 199 881; x_wconf 86' lang='lat' dir='ltr'>rhus</span> <span class='ocrx_word' id='word_1_63' title='bbox 257 836 296 883; x_wconf 91' lang='lat' dir='ltr'>ulo</span> <span class='ocrx_word' id='word_1_64' title='bbox 313 836 420 883; x_wconf 85' lang='lat' dir='ltr'>Romano</span> <span class='ocrx_word' id='word_1_65' title='bbox 430 837 518 884; x_wconf 87' lang='lat' dir='ltr'>bellum</span> <span class='ocrx_word' id='word_1_66' title='bbox 533 837 594 892; x_wconf 85' lang='lat' dir='ltr'>ultro</span> <span class='ocrx_word' id='word_1_67' title='bbox 608 835 729 892; x_wconf 61' lang='lat' dir='ltr'>inndisset</span> <span class='ocrx_word' id='word_1_68' title='bbox 745 847 810 881; x_wconf 86' lang='lat' dir='ltr'>eum·</span> 
     </span>
     <span class='ocr_line' id='line_1_10' title="bbox 145 899 810 963; baseline 0.002 -18"><span class='ocrx_word' id='word_1_69' title='bbox 145 913 191 960; x_wconf 86' lang='lat' dir='ltr'>que</span> <span class='ocrx_word' id='word_1_70' title='bbox 218 899 337 962; x_wconf 85' lang='lat' dir='ltr'>eirnperio</span> <span class='ocrx_word' id='word_1_71' title='bbox 352 909 466 948; x_wconf 70' lang='lat' dir='ltr'>sertam</span> <span class='ocrx_word' id='word_1_72' title='bbox 476 911 534 950; x_wconf 86' lang='lat' dir='ltr'>esset</span> <span class='ocrx_word' id='word_1_73' title='bbox 544 915 597 949; x_wconf 86' lang='lat' dir='ltr'>eum</span> <span class='ocrx_word' id='word_1_74' title='bbox 605 916 658 963; x_wconf 82' lang='lat' dir='ltr'>rege</span> <span class='ocrx_word' id='word_1_75' title='bbox 668 911 810 962; x_wconf 77' lang='lat' dir='ltr'>generosoac</span> 
     </span>
     <span class='ocr_line' id='line_1_11' title="bbox 143 959 810 1025; baseline -0.003 -15"><span class='ocrx_word' id='word_1_76' title='bbox 143 970 252 1025; x_wconf 74' lang='lat' dir='ltr'>potente3</span> <span class='ocrx_word' id='word_1_77' title='bbox 375 959 443 1014; x_wconf 85' lang='lat' dir='ltr'>abeo</span> <span class='ocrx_word' id='word_1_78' title='bbox 453 966 551 1012; x_wconf 84' lang='lat' dir='ltr'>venitin</span> <span class='ocrx_word' id='word_1_79' title='bbox 567 973 639 1013; x_wconf 70' lang='lat' dir='ltr'>oasua</span> <span class='ocrx_word' id='word_1_80' title='bbox 654 961 761 1018; x_wconf 82' lang='lat' dir='ltr'>Fabricii,</span> <span class='ocrx_word' id='word_1_81' title='bbox 778 960 810 1008; x_wconf 90' lang='lat' dir='ltr'>ei·</span> 
     </span>
     <span class='ocr_line' id='line_1_12' title="bbox 144 1027 808 1092; baseline 0.008 -19"><span class='ocrx_word' id='word_1_82' title='bbox 144 1035 275 1090; x_wconf 83' lang='lat' dir='ltr'>queestpo</span> <span class='ocrx_word' id='word_1_83' title='bbox 293 1028 302 1082; x_wconf 83' lang='grc'>’,</span> <span class='ocrx_word' id='word_1_84' title='bbox 314 1028 529 1091; x_wconf 74' lang='lat' dir='ltr'>‘tus‚sipraerr1ium</span> <span class='ocrx_word' id='word_1_85' title='bbox 543 1029 586 1077; x_wconf 90' lang='lat' dir='ltr'>sibi</span> <span class='ocrx_word' id='word_1_86' title='bbox 616 1027 760 1092; x_wconf 77' lang='lat' dir='ltr'>roposuisset,</span> <span class='ocrx_word' id='word_1_87' title='bbox 776 1041 808 1083; x_wconf 68' lang='lat' dir='ltr'>se,</span> 
     </span>
     <span class='ocr_line' id='line_1_13' title="bbox 143 1089 809 1156; baseline 0.003 -20"><span class='ocrx_word' id='word_1_88' title='bbox 143 1089 367 1150; x_wconf 71' lang='lat' dir='ltr'>ntolamveniseet,</span> <span class='ocrx_word' id='word_1_89' title='bbox 383 1089 809 1156; x_wconf 75' lang='lat' dir='ltr'>dcclanrinPyrr&#39;nastrareditu·</span> 
     </span>
     <span class='ocr_line' id='line_1_14' title="bbox 144 1153 810 1213; baseline -0.002 -11"><span class='ocrx_word' id='word_1_90' title='bbox 144 1166 207 1213; x_wconf 86' lang='lat' dir='ltr'>rum,</span> <span class='ocrx_word' id='word_1_91' title='bbox 225 1164 247 1203; x_wconf 92' lang='lat' dir='ltr'>et</span> <span class='ocrx_word' id='word_1_92' title='bbox 261 1171 316 1210; x_wconf 77' lang='lat' dir='ltr'>eum</span> <span class='ocrx_word' id='word_1_93' title='bbox 330 1170 418 1203; x_wconf 81' lang='lat' dir='ltr'>veneno</span> <span class='ocrx_word' id='word_1_94' title='bbox 431 1166 572 1206; x_wconf 79' lang='lat' dir='ltr'>neoamrum.</span> <span class='ocrx_word' id='word_1_95' title='bbox 605 1153 677 1204; x_wconf 81' lang='lat' dir='ltr'>Hunc</span> <span class='ocrx_word' id='word_1_96' title='bbox 691 1153 810 1203; x_wconf 78' lang='lat' dir='ltr'>Fabricius</span> 
     </span>
     <span class='ocr_line' id='line_1_15' title="bbox 143 1218 809 1285; baseline 0 -19"><span class='ocrx_word' id='word_1_97' title='bbox 143 1218 298 1266; x_wconf 82' lang='lat' dir='ltr'>reducendum</span> <span class='ocrx_word' id='word_1_98' title='bbox 306 1219 567 1285; x_wconf 78' lang='lat' dir='ltr'>curavitadPyrrhum:</span> <span class='ocrx_word' id='word_1_99' title='bbox 584 1219 654 1285; x_wconf 89' lang='lat' dir='ltr'>idque</span> <span class='ocrx_word' id='word_1_100' title='bbox 663 1220 751 1268; x_wconf 80' lang='lat' dir='ltr'>facturn</span> <span class='ocrx_word' id='word_1_101' title='bbox 759 1221 809 1280; x_wconf 88' lang='lat' dir='ltr'>ejus</span> 
     </span>
     <span class='ocr_line' id='line_1_16' title="bbox 143 1283 809 1350; baseline 0 -20"><span class='ocrx_word' id='word_1_102' title='bbox 143 1291 248 1330; x_wconf 84' lang='lat' dir='ltr'>asenatu</span> <span class='ocrx_word' id='word_1_103' title='bbox 258 1283 379 1330; x_wconf 72' lang='lat' dir='ltr'>laudatum</span> <span class='ocrx_word' id='word_1_104' title='bbox 394 1292 434 1331; x_wconf 84' lang='lat' dir='ltr'>est.</span> <span class='ocrx_word' id='word_1_105' title='bbox 461 1285 546 1350; x_wconf 79' lang='lat' dir='ltr'>Atqui,</span> <span class='ocrx_word' id='word_1_106' title='bbox 560 1286 579 1332; x_wconf 91' lang='lat' dir='ltr'>si</span> <span class='ocrx_word' id='word_1_107' title='bbox 593 1285 690 1348; x_wconf 81' lang='lat' dir='ltr'>speeiem</span> <span class='ocrx_word' id='word_1_108' title='bbox 704 1283 809 1330; x_wconf 73' lang='lat' dir='ltr'>utilitatis</span> 
     </span>
     <span class='ocr_line' id='line_1_17' title="bbox 143 1346 809 1412; baseline -0.002 -18"><span class='ocrx_word' id='word_1_109' title='bbox 143 1346 321 1411; x_wconf 78' lang='lat' dir='ltr'>opinionemque</span> <span class='ocrx_word' id='word_1_110' title='bbox 331 1349 463 1410; x_wconf 72' lang='lat' dir='ltr'>quaerimus,</span> <span class='ocrx_word' id='word_1_111' title='bbox 474 1347 586 1412; x_wconf 78' lang='lat' dir='ltr'>niagnuin</span> <span class='ocrx_word' id='word_1_112' title='bbox 592 1348 651 1396; x_wconf 90' lang='lat' dir='ltr'>illud</span> <span class='ocrx_word' id='word_1_113' title='bbox 661 1347 749 1412; x_wconf 77' lang='lat' dir='ltr'>beilum</span> <span class='ocrx_word' id='word_1_114' title='bbox 757 1361 809 1409; x_wconf 84' lang='lat' dir='ltr'>per-</span> 
     </span>
     <span class='ocr_line' id='line_1_18' title="bbox 143 1409 809 1475; baseline -0.003 -16"><span class='ocrx_word' id='word_1_115' title='bbox 143 1409 200 1474; x_wconf 73' lang='lat' dir='ltr'>firgo</span> <span class='ocrx_word' id='word_1_116' title='bbox 210 1426 279 1471; x_wconf 83' lang='lat' dir='ltr'>unus,</span> <span class='ocrx_word' id='word_1_117' title='bbox 290 1421 313 1458; x_wconf 91' lang='lat' dir='ltr'>et</span> <span class='ocrx_word' id='word_1_118' title='bbox 323 1427 415 1473; x_wconf 80' lang='lat' dir='ltr'>gravem</span> <span class='ocrx_word' id='word_1_119' title='bbox 427 1411 580 1464; x_wconf 58' lang='lat' dir='ltr'>advnsafium</span> <span class='ocrx_word' id='word_1_120' title='bbox 595 1412 693 1475; x_wconf 84' lang='lat' dir='ltr'>imperii,</span> <span class='ocrx_word' id='word_1_121' title='bbox 705 1410 809 1463; x_wconf 50' lang='lat' dir='ltr'>sustulisf</span> 
     </span>
     <span class='ocr_line' id='line_1_19' title="bbox 143 1473 807 1542; baseline -0.003 -20"><span class='ocrx_word' id='word_1_122' title='bbox 143 1483 193 1522; x_wconf 79' lang='lat' dir='ltr'>eet:</span> <span class='ocrx_word' id='word_1_123' title='bbox 210 1475 250 1523; x_wconf 86' lang='lat' dir='ltr'>sed</span> <span class='ocrx_word' id='word_1_124' title='bbox 257 1489 370 1538; x_wconf 82' lang='lat' dir='ltr'>magnum</span> <span class='ocrx_word' id='word_1_125' title='bbox 380 1476 477 1524; x_wconf 85' lang='lat' dir='ltr'>dedecus</span> <span class='ocrx_word' id='word_1_126' title='bbox 488 1473 512 1526; x_wconf 61' lang='grc' dir='ltr'>εἰ</span> <span class='ocrx_word' id='word_1_127' title='bbox 520 1474 643 1542; x_wconf 74' lang='lat' dir='ltr'>flagitium,</span> <span class='ocrx_word' id='word_1_128' title='bbox 650 1477 746 1540; x_wconf 82' lang='lat' dir='ltr'>quicum</span> <span class='ocrx_word' id='word_1_129' title='bbox 756 1475 807 1521; x_wconf 78' lang='lat' dir='ltr'>lau-</span> 
     </span>
     <span class='ocr_line' id='line_1_20' title="bbox 142 1531 807 1605; baseline -0.002 -18"><span class='ocrx_word' id='word_1_130' title='bbox 142 1538 178 1587; x_wconf 85' lang='lat' dir='ltr'>dis</span> <span class='ocrx_word' id='word_1_131' title='bbox 192 1547 306 1588; x_wconf 61' lang='lat' dir='ltr'>onumen</span> <span class='ocrx_word' id='word_1_132' title='bbox 321 1539 410 1600; x_wconf 72' lang='lat' dir='ltr'>tunso,</span> <span class='ocrx_word' id='word_1_133' title='bbox 426 1556 479 1590; x_wconf 87' lang='lat' dir='ltr'>eum</span> <span class='ocrx_word' id='word_1_134' title='bbox 494 1557 541 1590; x_wconf 88' lang='lat' dir='ltr'>non</span> <span class='ocrx_word' id='word_1_135' title='bbox 556 1535 703 1602; x_wconf 64' lang='lat' dir='ltr'>virtutensi</span> <span class='ocrx_word' id='word_1_136' title='bbox 717 1531 807 1605; x_wconf 72' lang='lat' dir='ltr'>sedere,</span> 
     </span>
     <span class='ocr_line' id='line_1_21' title="bbox 144 1612 285 1666; baseline 0 -16"><span class='ocrx_word' id='word_1_137' title='bbox 144 1612 285 1666; x_wconf 71' lang='lat' dir='ltr'>supenmm.</span> 
     </span>
    </p>
   </div>
   <div class='ocr_carea' id='block_1_3' title="bbox 140 1667 879 2164">
    <p class='ocr_par' dir='ltr' id='par_1_4' title="bbox 140 1667 879 2164">
     <span class='ocr_line' id='line_1_22' title="bbox 176 1667 879 1736; baseline -0.001 -20"><span class='ocrx_word' id='word_1_138' title='bbox 176 1667 262 1716; x_wconf 87' lang='lat' dir='ltr'>Utrum</span> <span class='ocrx_word' id='word_1_139' title='bbox 272 1668 343 1732; x_wconf 79' lang='lat' dir='ltr'>igitur</span> <span class='ocrx_word' id='word_1_140' title='bbox 354 1669 480 1719; x_wconf 81' lang='lat' dir='ltr'>utiliusve]</span> <span class='ocrx_word' id='word_1_141' title='bbox 491 1672 604 1733; x_wconf 76' lang='lat' dir='ltr'>Fabricio,</span> <span class='ocrx_word' id='word_1_142' title='bbox 616 1670 657 1736; x_wconf 73' lang='lat' dir='ltr'>qui</span> <span class='ocrx_word' id='word_1_143' title='bbox 668 1669 719 1718; x_wconf 83' lang='lat' dir='ltr'>talis</span> <span class='ocrx_word' id='word_1_144' title='bbox 728 1669 753 1716; x_wconf 91' lang='lat' dir='ltr'>in</span> <span class='ocrx_word' id='word_1_145' title='bbox 764 1668 808 1715; x_wconf 86' lang='lat' dir='ltr'>hac</span> <span class='ocrx_word' id='word_1_146' title='bbox 877 1709 879 1712; x_wconf 96' lang='lat'>.</span> 
     </span>
     <span class='ocr_line' id='line_1_23' title="bbox 142 1732 807 1796; baseline 0.003 -18"><span class='ocrx_word' id='word_1_147' title='bbox 142 1733 208 1790; x_wconf 83' lang='lat' dir='ltr'>urbe,</span> <span class='ocrx_word' id='word_1_148' title='bbox 220 1732 294 1796; x_wconf 87' lang='lat' dir='ltr'>qualis</span> <span class='ocrx_word' id='word_1_149' title='bbox 304 1733 417 1782; x_wconf 80' lang='lat' dir='ltr'>Aristides</span> <span class='ocrx_word' id='word_1_150' title='bbox 427 1736 527 1784; x_wconf 79' lang='lat' dir='ltr'>Athenis</span> <span class='ocrx_word' id='word_1_151' title='bbox 537 1737 590 1795; x_wconf 77' lang='lat' dir='ltr'>ibit,</span> <span class='ocrx_word' id='word_1_152' title='bbox 609 1737 646 1784; x_wconf 87' lang='lat' dir='ltr'>vel</span> <span class='ocrx_word' id='word_1_153' title='bbox 656 1734 745 1792; x_wconf 81' lang='lat' dir='ltr'>senatui</span> <span class='ocrx_word' id='word_1_154' title='bbox 754 1747 807 1780; x_wconf 91' lang='lat' dir='ltr'>nos·</span> 
     </span>
     <span class='ocr_line' id='line_1_24' title="bbox 140 1797 807 1866; baseline 0.003 -23"><span class='ocrx_word' id='word_1_155' title='bbox 140 1803 186 1855; x_wconf 86' lang='lat' dir='ltr'>tro,</span> <span class='ocrx_word' id='word_1_156' title='bbox 201 1797 243 1862; x_wconf 90' lang='lat' dir='ltr'>qui</span> <span class='ocrx_word' id='word_1_157' title='bbox 260 1811 380 1860; x_wconf 87' lang='lat' dir='ltr'>nunquam</span> <span class='ocrx_word' id='word_1_158' title='bbox 398 1800 521 1864; x_wconf 80' lang='lat' dir='ltr'>utilitatem</span> <span class='ocrx_word' id='word_1_159' title='bbox 540 1817 554 1848; x_wconf 89' lang='lat' dir='ltr'>a</span> <span class='ocrx_word' id='word_1_160' title='bbox 570 1801 680 1866; x_wconf 76' lang='lat' dir='ltr'>dignitate</span> <span class='ocrx_word' id='word_1_161' title='bbox 697 1799 807 1866; x_wconf 79' lang='lat' dir='ltr'>sejunxit,</span> 
     </span>
     <span class='ocr_line' id='line_1_25' title="bbox 141 1860 808 1927; baseline 0 -17"><span class='ocrx_word' id='word_1_162' title='bbox 141 1860 212 1910; x_wconf 71' lang='lat' dir='ltr'>armis</span> <span class='ocrx_word' id='word_1_163' title='bbox 232 1875 286 1908; x_wconf 83' lang='lat' dir='ltr'>cum</span> <span class='ocrx_word' id='word_1_164' title='bbox 306 1861 371 1910; x_wconf 81' lang='lat' dir='ltr'>hoste</span> <span class='ocrx_word' id='word_1_165' title='bbox 387 1872 480 1926; x_wconf 78' lang='lat' dir='ltr'>certare,</span> <span class='ocrx_word' id='word_1_166' title='bbox 499 1880 529 1926; x_wconf 70' lang='lat' dir='ltr'>ari</span> <span class='ocrx_word' id='word_1_167' title='bbox 548 1865 658 1913; x_wconf 84' lang='lat' dir='ltr'>venenis?</span> <span class='ocrx_word' id='word_1_168' title='bbox 686 1864 711 1912; x_wconf 75' lang='lat' dir='ltr'>Su</span> <span class='ocrx_word' id='word_1_169' title='bbox 729 1864 808 1927; x_wconf 72' lang='lat' dir='ltr'>gloriae</span> 
     </span>
     <span class='ocr_line' id='line_1_26' title="bbox 141 1924 807 1992; baseline 0.008 -20"><span class='ocrx_word' id='word_1_170' title='bbox 141 1925 211 1972; x_wconf 67' lang='lat' dir='ltr'>causi</span> <span class='ocrx_word' id='word_1_171' title='bbox 227 1924 350 1988; x_wconf 89' lang='lat' dir='ltr'>imperium</span> <span class='ocrx_word' id='word_1_172' title='bbox 368 1928 521 1992; x_wconf 82' lang='lat' dir='ltr'>expetendum</span> <span class='ocrx_word' id='word_1_173' title='bbox 542 1938 585 1991; x_wconf 66' lang='lat' dir='ltr'>est,</span> <span class='ocrx_word' id='word_1_174' title='bbox 606 1929 678 1990; x_wconf 74' lang='lat' dir='ltr'>soclus</span> <span class='ocrx_word' id='word_1_175' title='bbox 694 1929 761 1986; x_wconf 67' lang='lat' dir='ltr'>absit,</span> <span class='ocrx_word' id='word_1_176' title='bbox 782 1929 807 1976; x_wconf 89' lang='lat' dir='ltr'>in</span> 
     </span>
     <span class='ocr_line' id='line_1_27' title="bbox 140 1993 808 2056; baseline 0.01 -21"><span class='ocrx_word' id='word_1_177' title='bbox 140 2004 188 2052; x_wconf 91' lang='lat' dir='ltr'>quo</span> <span class='ocrx_word' id='word_1_178' title='bbox 204 2003 250 2036; x_wconf 87' lang='lat' dir='ltr'>non</span> <span class='ocrx_word' id='word_1_179' title='bbox 271 1998 346 2052; x_wconf 76' lang='lat' dir='ltr'>potest</span> <span class='ocrx_word' id='word_1_180' title='bbox 366 2006 413 2038; x_wconf 89' lang='lat' dir='ltr'>esse</span> <span class='ocrx_word' id='word_1_181' title='bbox 430 1993 516 2055; x_wconf 79' lang='lat' dir='ltr'>gloria:</span> <span class='ocrx_word' id='word_1_182' title='bbox 540 1994 575 2054; x_wconf 76' lang='lat' dir='ltr'>sin</span> <span class='ocrx_word' id='word_1_183' title='bbox 594 1994 650 2056; x_wconf 85' lang='lat' dir='ltr'>ipsae</span> <span class='ocrx_word' id='word_1_184' title='bbox 666 2007 720 2056; x_wconf 84' lang='lat' dir='ltr'>opes</span> <span class='ocrx_word' id='word_1_185' title='bbox 738 2008 808 2056; x_wconf 85' lang='lat' dir='ltr'>expe-</span> 
     </span>
     <span class='ocr_line' id='line_1_28' title="bbox 141 2054 806 2164; baseline 0.006 -64"><span class='ocrx_word' id='word_1_186' title='bbox 141 2061 223 2101; x_wconf 82' lang='lat' dir='ltr'>tuntur</span> <span class='ocrx_word' id='word_1_187' title='bbox 249 2064 326 2164; x_wconf 42' lang='lat' dir='ltr'>dogne</span> <span class='ocrx_word' id='word_1_188' title='bbox 335 2054 413 2112; x_wconf 79' lang='lat' dir='ltr'>modo,</span> <span class='ocrx_word' id='word_1_189' title='bbox 430 2069 477 2102; x_wconf 87' lang='lat' dir='ltr'>non</span> <span class='ocrx_word' id='word_1_190' title='bbox 491 2056 679 2130; x_wconf 69' lang='lat' dir='ltr'>poterunt&#39;utilea</span> <span class='ocrx_word' id='word_1_191' title='bbox 692 2070 740 2102; x_wconf 87' lang='lat' dir='ltr'>esse</span> <span class='ocrx_word' id='word_1_192' title='bbox 752 2071 806 2104; x_wconf 85' lang='lat' dir='ltr'>oum</span> 
     </span>
    </p>
   </div>
   <div class='ocr_carea' id='block_1_4' title="bbox 138 2069 808 2759">
    <p class='ocr_par' dir='ltr' id='par_1_5' title="bbox 138 2069 808 2759">
     <span class='ocr_line' id='line_1_29' title="bbox 141 2069 806 2184; baseline 0.009 -21"><span class='ocrx_word' id='word_1_193' title='bbox 141 2069 249 2165; x_wconf 50' lang='lat' dir='ltr'>infamis?</span> <span class='ocrx_word' id='word_1_194' title='bbox 304 2132 335 2165; x_wconf 92' lang='lat' dir='ltr'>on</span> <span class='ocrx_word' id='word_1_195' title='bbox 355 2119 426 2184; x_wconf 79' lang='lat' dir='ltr'>igitur</span> <span class='ocrx_word' id='word_1_196' title='bbox 447 2119 510 2182; x_wconf 71' lang='lat' dir='ltr'>utilis</span> <span class='ocrx_word' id='word_1_197' title='bbox 528 2120 569 2181; x_wconf 73' lang='lat' dir='ltr'>illo</span> <span class='ocrx_word' id='word_1_198' title='bbox 588 2120 618 2170; x_wconf 75' lang='lat' dir='ltr'>Is.</span> <span class='ocrx_word' id='word_1_199' title='bbox 639 2119 751 2182; x_wconf 86' lang='lat' dir='ltr'>Philippi,</span> <span class='ocrx_word' id='word_1_200' title='bbox 773 2121 806 2180; x_wconf 89' lang='lat' dir='ltr'>Q.</span> 
     </span>
     <span class='ocr_line' id='line_1_30' title="bbox 142 2179 807 2248; baseline 0.008 -21"><span class='ocrx_word' id='word_1_201' title='bbox 142 2179 169 2227; x_wconf 86' lang='lat' dir='ltr'>F.</span> <span class='ocrx_word' id='word_1_202' title='bbox 184 2181 309 2229; x_wconf 78' lang='lat' dir='ltr'>sententia:</span> <span class='ocrx_word' id='word_1_203' title='bbox 327 2197 384 2248; x_wconf 69' lang='lat' dir='ltr'>quus</span> <span class='ocrx_word' id='word_1_204' title='bbox 401 2182 501 2246; x_wconf 75' lang='lat' dir='ltr'>civitates</span> <span class='ocrx_word' id='word_1_205' title='bbox 520 2184 548 2240; x_wconf 79' lang='lat' dir='ltr'>Ia</span> <span class='ocrx_word' id='word_1_206' title='bbox 567 2185 641 2244; x_wconf 80' lang='lat' dir='ltr'>Sulla,</span> <span class='ocrx_word' id='word_1_207' title='bbox 658 2183 756 2247; x_wconf 72' lang='lat' dir='ltr'>peounid</span> <span class='ocrx_word' id='word_1_208' title='bbox 770 2201 807 2232; x_wconf 86' lang='lat' dir='ltr'>ac-</span> 
     </span>
     <span class='ocr_line' id='line_1_31' title="bbox 139 2238 806 2308; baseline 0.006 -15"><span class='ocrx_word' id='word_1_209' title='bbox 139 2243 213 2308; x_wconf 70' lang='lat' dir='ltr'>septa,</span> <span class='ocrx_word' id='word_1_210' title='bbox 231 2261 260 2294; x_wconf 83' lang='lat' dir='ltr'>ex</span> <span class='ocrx_word' id='word_1_211' title='bbox 282 2238 475 2306; x_wconf 73' lang='lat' dir='ltr'>senatdeoonsulto</span> <span class='ocrx_word' id='word_1_212' title='bbox 492 2245 640 2308; x_wconf 78' lang='lat' dir='ltr'>liberavisset,</span> <span class='ocrx_word' id='word_1_213' title='bbox 659 2256 686 2296; x_wconf 89' lang='lat' dir='ltr'>ut</span> <span class='ocrx_word' id='word_1_214' title='bbox 702 2248 739 2295; x_wconf 82' lang='lat' dir='ltr'>hae</span> <span class='ocrx_word' id='word_1_215' title='bbox 756 2265 806 2297; x_wconf 85' lang='lat' dir='ltr'>rur-</span> 
     </span>
     <span class='ocr_line' id='line_1_32' title="bbox 139 2309 807 2378; baseline 0.009 -21"><span class='ocrx_word' id='word_1_216' title='bbox 139 2325 179 2357; x_wconf 86' lang='lat' dir='ltr'>sus</span> <span class='ocrx_word' id='word_1_217' title='bbox 197 2309 317 2373; x_wconf 76' lang='lat' dir='ltr'>vectigales</span> <span class='ocrx_word' id='word_1_218' title='bbox 334 2317 424 2377; x_wconf 66' lang='lat' dir='ltr'>essent3</span> <span class='ocrx_word' id='word_1_219' title='bbox 444 2325 460 2357; x_wconf 91' lang='lat' dir='ltr'>n</span> <span class='ocrx_word' id='word_1_220' title='bbox 489 2328 519 2360; x_wconf 90' lang='lat' dir='ltr'>ue</span> <span class='ocrx_word' id='word_1_221' title='bbox 535 2312 571 2360; x_wconf 86' lang='lat' dir='ltr'>his</span> <span class='ocrx_word' id='word_1_222' title='bbox 587 2312 717 2376; x_wconf 80' lang='lat' dir='ltr'>pecuniam,</span> <span class='ocrx_word' id='word_1_223' title='bbox 735 2329 807 2378; x_wconf 85' lang='lat' dir='ltr'>quam</span> 
     </span>
     <span class='ocr_line' id='line_1_33' title="bbox 139 2373 807 2437; baseline 0.009 -17"><span class='ocrx_word' id='word_1_224' title='bbox 139 2388 183 2437; x_wconf 87' lang='lat' dir='ltr'>pro</span> <span class='ocrx_word' id='word_1_225' title='bbox 197 2373 302 2421; x_wconf 85' lang='lat' dir='ltr'>libertate</span> <span class='ocrx_word' id='word_1_226' title='bbox 315 2373 432 2437; x_wconf 78' lang='lat' dir='ltr'>dederant,</span> <span class='ocrx_word' id='word_1_227' title='bbox 447 2391 459 2422; x_wconf 90' lang='lat' dir='ltr'>r</span> <span class='ocrx_word' id='word_1_228' title='bbox 487 2376 599 2425; x_wconf 80' lang='lat' dir='ltr'>daremus</span> <span class='ocrx_word' id='word_1_229' title='bbox 623 2376 700 2425; x_wconf 77' lang='lat' dir='ltr'>Estei</span> <span class='ocrx_word' id='word_1_230' title='bbox 715 2387 807 2426; x_wconf 84' lang='lat' dir='ltr'>senatus</span> 
     </span>
     <span class='ocr_line' id='line_1_34' title="bbox 138 2439 808 2508; baseline 0.009 -24"><span class='ocrx_word' id='word_1_231' title='bbox 138 2451 260 2485; x_wconf 73' lang='lat' dir='ltr'>assensust</span> <span class='ocrx_word' id='word_1_232' title='bbox 283 2446 350 2508; x_wconf 76' lang='lat' dir='ltr'>turpe</span> <span class='ocrx_word' id='word_1_233' title='bbox 368 2439 480 2502; x_wconf 61' lang='lat' dir='ltr'>imperim</span> <span class='ocrx_word' id='word_1_234' title='bbox 504 2441 630 2504; x_wconf 83' lang='lat' dir='ltr'>piratamm</span> <span class='ocrx_word' id='word_1_235' title='bbox 648 2441 709 2489; x_wconf 86' lang='lat' dir='ltr'>enim</span> <span class='ocrx_word' id='word_1_236' title='bbox 726 2442 808 2490; x_wconf 87' lang='lat' dir='ltr'>melior</span> 
     </span>
     <span class='ocr_line' id='line_1_35' title="bbox 140 2499 807 2568; baseline 0.007 -20"><span class='ocrx_word' id='word_1_237' title='bbox 140 2499 204 2560; x_wconf 85' lang='lat' dir='ltr'>fides,</span> <span class='ocrx_word' id='word_1_238' title='bbox 216 2516 287 2566; x_wconf 78' lang='lat' dir='ltr'>quam</span> <span class='ocrx_word' id='word_1_239' title='bbox 298 2505 395 2552; x_wconf 79' lang='lat' dir='ltr'>senatus</span> <span class='ocrx_word' id='word_1_240' title='bbox 422 2503 458 2550; x_wconf 86' lang='lat' dir='ltr'>At</span> <span class='ocrx_word' id='word_1_241' title='bbox 468 2514 535 2552; x_wconf 85' lang='lat' dir='ltr'>aucta</span> <span class='ocrx_word' id='word_1_242' title='bbox 545 2505 679 2568; x_wconf 79' lang='lat' dir='ltr'>vectigalia:</span> <span class='ocrx_word' id='word_1_243' title='bbox 696 2505 770 2553; x_wconf 84' lang='lat' dir='ltr'>utile‘</span> <span class='ocrx_word' id='word_1_244' title='bbox 788 2505 807 2547; x_wconf 81' lang='lat'>‘-</span> 
     </span>
     <span class='ocr_line' id='line_1_36' title="bbox 140 2521 806 2634; baseline 0.009 -23"><span class='ocrx_word' id='word_1_245' title='bbox 140 2573 185 2612; x_wconf 89' lang='lat' dir='ltr'>tur.</span> <span class='ocrx_word' id='word_1_246' title='bbox 218 2565 347 2634; x_wconf 82' lang='lat' dir='ltr'>Quousque</span> <span class='ocrx_word' id='word_1_247' title='bbox 364 2566 482 2616; x_wconf 87' lang='lat' dir='ltr'>audebunt</span> <span class='ocrx_word' id='word_1_248' title='bbox 500 2569 574 2618; x_wconf 88' lang='lat' dir='ltr'>dioere</span> <span class='ocrx_word' id='word_1_249' title='bbox 593 2569 722 2634; x_wconf 64' lang='lat' dir='ltr'>quidqwm</span> <span class='ocrx_word' id='word_1_250' title='bbox 740 2521 806 2630; x_wconf 61' lang='lat' dir='ltr'>aiii,</span> 
     </span>
     <span class='ocr_line' id='line_1_37' title="bbox 140 2627 805 2708; baseline 0.015 -34"><span class='ocrx_word' id='word_1_251' title='bbox 140 2627 203 2692; x_wconf 90' lang='lat' dir='ltr'>quod</span> <span class='ocrx_word' id='word_1_252' title='bbox 220 2643 267 2676; x_wconf 89' lang='lat' dir='ltr'>non</span> <span class='ocrx_word' id='word_1_253' title='bbox 287 2629 427 2678; x_wconf 80' lang='lat' dir='ltr'>honestum?</span> <span class='ocrx_word' id='word_1_254' title='bbox 456 2633 534 2682; x_wconf 80' lang='lat' dir='ltr'>Potest</span> <span class='ocrx_word' id='word_1_255' title='bbox 549 2642 626 2682; x_wconf 85' lang='lat' dir='ltr'>autem</span> <span class='ocrx_word' id='word_1_256' title='bbox 642 2634 685 2682; x_wconf 86' lang='lat' dir='ltr'>ulli</span> <span class='ocrx_word' id='word_1_257' title='bbox 700 2633 805 2708; x_wconf 78' lang='lat' dir='ltr'>imperio,</span> 
     </span>
     <span class='ocr_line' id='line_1_38' title="bbox 141 2691 806 2759; baseline 0.012 -20"><span class='ocrx_word' id='word_1_258' title='bbox 141 2691 205 2756; x_wconf 83' lang='lat' dir='ltr'>quod</span> <span class='ocrx_word' id='word_1_259' title='bbox 220 2693 293 2756; x_wconf 73' lang='lat' dir='ltr'>glorib</span> <span class='ocrx_word' id='word_1_260' title='bbox 308 2693 396 2743; x_wconf 76' lang='lat' dir='ltr'>fultum</span> <span class='ocrx_word' id='word_1_261' title='bbox 411 2712 459 2746; x_wconf 81' lang='lat' dir='ltr'>ease</span> <span class='ocrx_word' id='word_1_262' title='bbox 474 2698 550 2759; x_wconf 76' lang='lat' dir='ltr'>debet,</span> <span class='ocrx_word' id='word_1_263' title='bbox 562 2707 584 2748; x_wconf 88' lang='lat' dir='ltr'>et</span> <span class='ocrx_word' id='word_1_264' title='bbox 600 2696 756 2748; x_wconf 70' lang='lat' dir='ltr'>benevolendi</span> <span class='ocrx_word' id='word_1_265' title='bbox 770 2715 806 2747; x_wconf 82' lang='lat' dir='ltr'>so-</span> 
     </span>
    </p>
   </div>
   <div class='ocr_carea' id='block_1_5' title="bbox 0 0 936 2958">
    <p class='ocr_par' dir='ltr' id='par_1_6' title="bbox 0 0 936 2958">
     <span class='ocr_line' id='line_1_39' title="bbox 0 0 936 2958; baseline 0 0"><span class='ocrx_word' id='word_1_266' title='bbox 0 0 936 2958; x_wconf 95' lang='lat' dir='ltr'> </span> 
     </span>
    </p>
   </div>
  </div>
 </body>
</html>
