1862 2964
243 163 290 212 ΒΕ
298 163 464 226 ἸιΕΘΙΒΗ8,
476 165 535 215 lale.
548 164 598 212 111.
608 161 671 214 CA'P.
683 166 721 214 10.
766 166 813 214 lut

144 291 198 338 dem
211 291 338 356 egregium,
354 301 377 340 et
390 293 419 340 sd
429 292 625 355 immortalitatem
635 293 753 342 memorie
763 293 814 356 glo,

141 354 239 415 riosnm,
259 357 376 404 neminem
396 357 421 404 in
442 372 483 406 nos
504 357 607 406 meroede
625 359 674 404 ulls
692 358 814 405 tribunum

142 420 244 482 potuisse
260 420 361 483 reperiri,
377 421 422 468 nisi
438 421 475 468 cui
492 437 522 469 ne
540 437 587 468 esse
605 421 698 484 quidem
715 421 816 468 licuisset

143 483 244 531 tribuno.
272 484 319 532 Sed
328 485 368 532 ille
378 500 436 546 quas
446 495 531 548 strages
542 485 627 532 edidit!
654 485 814 543 easvidelioet,

142 561 202 608 ques
221 548 269 595 siue
286 549 381 608 ratione,
393 565 419 596 so
430 549 478 596 sine
489 549 538 598 ullis
548 565 588 612 spe
598 548 668 606 hond,
679 549 742 596 furor
750 549 816 596 edere

143 611 220 672 putruit
233 612 331 674 impure
341 613 432 670 bellnae,
444 614 571 660 multorum
585 613 741 660 inflammatus
751 613 816 660 furo-

143 674 215 722 ribus.
237 675 395 734 Quamobrem
413 678 438 723 in
453 677 498 724 istd
515 677 610 740 quidem
628 692 652 724 re
671 677 815 724 vehementer

144 737 235 786 sunm
246 741 326 802 probo,
344 740 385 802 qui
395 741 492 788 tribunis
502 741 583 804 plebis,
596 740 637 788 sud
647 740 706 802 lege,
724 741 815 800 injurie

144 801 254 850 faciendae
260 811 394 866 potestatem
402 804 520 863 ademerit,
530 804 610 852 auxilii
620 805 707 851 ferendi
717 805 815 866 relique·

143 865 186 912 rit:
200 866 384 930 Pompeiumque
395 877 499 916 nostrum
509 867 558 932 [in]
570 868 656 915 caeteris
664 870 732 915 rebus
740 867 815 915 omni-

144 930 197 988 bus,
209 931 454 996 semperemplissimis
464 933 607 996 summisque
615 933 683 980 effero
690 931 813 988 leudibus3

144 993 174 1040 de
185 993 306 1045 tribunicii
346 1004 426 1043 testate
436 1005 513 1045 taceo:
531 1011 573 1048 net
583 996 645 1044 enim
651 996 814 1060 reprehendere

143 1057 210 1118 libet,
222 1073 264 1106 nec
271 1011 365 1106 uuila
392 1075 476 1109 ossum.

176 1121 210 1168 X.
228 1125 336 1170 Morsus.
384 1123 425 1170 itia
442 1124 536 1186 quidem
554 1125 682 1175 tribunatius
699 1125 814 1188 praetlere,

144 1184 242 1247 Quinte,
250 1187 364 1251 perspicis.
392 1188 438 1235 Sed
449 1197 482 1236 est
496 1189 584 1251 inique,
595 1189 694 1240 inomni
708 1205 733 1240 te
748 1205 814 1238 enou-

144 1250 225 1311 sandi,
232 1251 386 1313 pretermissis
392 1252 466 1312 bonis,
471 1252 585 1299 malorum
592 1253 740 1310 enumeratio,
748 1253 815 1303 vitio·

143 1313 244 1376 rumque
255 1315 351 1362 selectio.
368 1316 432 1363 Nam
439 1315 483 1362 isto
490 1315 583 1378 quidem
590 1316 660 1364 modo
667 1317 703 1363 vel
710 1317 814 1363 consuls-

143 1385 182 1424 tus
192 1379 304 1440 vituperio
315 1387 356 1440 est,
366 1379 386 1428 si
397 1380 526 1439 oonsulum,
539 1394 596 1440 quos
609 1393 741 1426 enumerem
751 1380 813 1439 nolo,

143 1451 237 1504 pomata
247 1443 369 1506 oollegeris.
394 1445 447 1506 Ego
457 1443 609 1506 enim-fateor,
620 1443 645 1490 in
656 1443 700 1490 ists
710 1442 761 1505 ipsi
771 1458 814 1506 po·

144 1513 224 1554 testate
240 1506 313 1556 inesse
327 1507 439 1570 quiddam
453 1507 517 1555 muli.
542 1506 587 1555 Sed
596 1508 693 1566 bonum,
705 1506 768 1569 quod
779 1515 813 1554 est

142 1571 268 1644 quesitum
278 1572 303 1618 in
311 1571 347 1632 ed,
358 1572 406 1620 sine
422 1572 466 1619 isto
475 1571 537 1620 melo
550 1585 596 1618 non
606 1571 749 1618 haberemus.
767 1571 813 1618 Ni·

143 1642 319 1762 &diiii
327 1635 633 1763 sustentatus
649 1637 812 1760 lustu}

143 1777 205 1824 qum,
217 1762 299 1810 ducem
310 1763 372 1826 quod
388 1763 465 1824 hebet,
476 1764 592 1812 interdum
602 1763 676 1812 lenior
686 1773 728 1823 est,
740 1779 812 1828 quum

143 1826 163 1872 si
173 1827 266 1874 nullum
276 1827 376 1875 heberet
393 1827 451 1875 Dux
463 1829 525 1876 enim
536 1844 577 1876 suo
587 1829 688 1892 periculo
704 1829 813 1892 progredi

244 1907 565 2020 r
594 1955 813 2020 ,ψ

143 2019 242 2068 sedatur.
266 2019 337 2078 Quod
348 2019 409 2067 enim
420 2028 453 2068 est
463 2029 512 2084 tem
522 2020 666 2082 desperatum
679 2011 811 2082 collegium,

141 2082 328 2196 liwir?
335 2084 566 2197 lffiffffi
576 2081 810 2206 &mutu

142 2211 275 2260 intercessor
284 2212 430 2275 perculerat]
454 2210 519 2270 Quid
530 2180 592 2257 enim
606 2210 674 2256 illum
684 2209 747 2256 eliud
757 2226 810 2273 per·¹
868 2259 869 2264 ,

141 2274 207 2335 colit,-
221 2276 266 2323 nisi
281 2275 343 2339 quod
353 2283 487 2339 potestatem
497 2273 649 2326 intercedendi
662 2273 754 2336 eollegae
769 2277 810 2323 ab·

142 2340 239 2402 rogavit
264 2340 310 2388 Sed
327 2347 353 2386 tu
372 2339 505 2402 sapientiem
521 2339 636 2399 majorum
652 2338 676 2384 in
692 2338 733 2385 illo
750 2339 809 2388 vide.

143 2402 256 2452 concessi
267 2403 332 2466 plebi
346 2419 359 2450 u
373 2404 476 2465 patribus
490 2402 534 2450 ists
548 2410 666 2465 potestate,
678 2417 742 2448 erma
752 2403 809 2450 ceci.

52 2491 58 2504 ·
142 2469 241 2516 derunts
259 2467 365 2514 restincta
371 2467 450 2514 seditio
460 2475 508 2518 est:
525 2467 645 2513 inventum
653 2474 686 2514 est
696 2474 809 2539 tempere·

141 2542 257 2591 mentum,
269 2546 316 2594 quo
330 2531 443 2578 tenuiores
458 2545 512 2578 cum
527 2529 668 2593 principibus
685 2543 771 2592 sequen
785 2545 810 2576 se

141 2605 264 2660 putarent3
281 2597 306 2643 in
324 2611 371 2665 quo
385 2609 432 2642 uno
449 2595 494 2644 fuit
511 2594 607 2642 ovinus
625 2595 692 2642 salus
709 2593 745 2644 At
763 2591 809 2642 duo
