1852 2966
143 216 200 270 rsa
265 220 313 270 na
329 221 486 283 morsus,
498 222 558 270 nm.
570 222 591 270 1.
603 211 703 272 orso.

146 349 176 395 sit
186 348 316 398 animorum
325 365 428 399 munere.
451 351 559 414 Cumque
573 351 626 409 alia,
642 351 729 414 quibus
738 351 815 400 oohae·

146 421 197 460 rent
206 414 319 473 homines,
335 431 348 462 e
358 415 450 462 mortali
459 430 542 478 genere
552 415 683 475 sumserint,
700 432 754 478 quse
766 417 815 464 fra·

144 477 201 538 gilla
214 487 287 526 essent
304 488 326 526 et
340 476 439 534 oeduea'e
457 479 561 526 animum
571 488 649 526 tamen
660 495 707 527 esse
717 480 814 542 ingene-

144 549 222 589 ratum
236 543 327 600 aDeo;
344 559 373 591 ex
390 559 437 607 quo
453 559 505 590 vere
519 543 556 590 vel
570 543 662 606 agnatio
676 544 744 591 nobis
757 559 812 592 eum

145 605 279 666 eiulatibus,
297 607 333 656 vel
350 622 430 670 genus,
448 609 485 654 vel
503 607 578 670 stirps,
598 607 709 670 appellari
727 617 811 670 potest.

145 669 236 734 ltaque,
252 687 282 720 ex
292 680 327 720 tot
336 672 463 735 generibus,
475 672 566 718 nullum
578 679 611 718 est
621 671 715 729 animal,
727 681 812 734 prater

144 732 270 794 hominem,
282 737 345 800 quod
354 737 437 783 habeat
446 735 551 782 notitiam
557 734 660 798 aliquam
668 735 715 782 Dei
724 752 731 782 ε
743 735 811 798 ipsis-

144 812 190 860 que
204 799 227 846 in
238 800 370 848 hominlbus
380 799 445 847 nullu
455 813 510 862 gens
521 808 555 847 est
564 814 639 861 neque
648 807 698 846 tam
707 799 810 849 mman-

138 869 208 909 'sueta
222 879 296 927 neque
313 871 361 910 tam
377 863 433 922 fera,
449 861 501 926 quoe
518 876 573 922 non,
591 862 660 909 etism
675 863 695 909 si
709 863 809 926 ignoret,

158 927 234 974 ualem
244 927 326 974 habere
337 925 415 973 Deum
423 927 509 987 deceat,
518 935 595 974 tamen
602 925 735 974 habendum
744 927 808 976 sciat.

139 940 744 1118 {sennem
753 993 807 1104 st

532 1088 540 1114 l

138 1115 210 1164 virture
220 1117 300 1166 eadem
314 1118 339 1164 in
353 1118 446 1166 homine
460 1134 487 1166 ao
498 1119 549 1166 Deo
560 1125 601 1178 eet,
613 1133 688 1181 neque
698 1118 748 1166 ullo
759 1120 806 1167 alio

138 1178 230 1241 ingenio
248 1191 363 1246 praeteres.
397 1182 441 1229 Est
459 1191 537 1228 autem
556 1182 628 1230 virtus
649 1182 708 1229 nihil
729 1183 803 1241 aliud,

137 1259 209 1354 {uam
216 1245 241 1292 in
252 1261 276 1293 se
286 1247 385 1310 perlecta
395 1254 418 1292 et
428 1245 458 1294 ad
468 1261 586 1293 summum
594 1246 704 1308 perducta
711 1255 803 1295 natura.

161 1317 182 1356 st
191 1309 263 1372 igitur
275 1310 364 1358 homini
378 1325 433 1358 oum
447 1310 499 1358 Deo
510 1310 642 1358 similitudo.
665 1309 737 1369 Quod
748 1327 803 1358 oum

137 1371 170 1420 ita
187 1373 225 1432 sit,
248 1391 300 1439 quoe
317 1375 410 1423 tandem
429 1383 503 1438 potest
521 1389 568 1421 esse
584 1374 676 1437 propior
692 1374 802 1424 oertiorve

137 1438 261 1500 cognatio?
286 1441 378 1504 Itaque,
400 1438 430 1486 ad
448 1438 569 1486 hominum
588 1438 760 1486 commoditates
779 1448 802 1486 et

137 1517 201 1561 usus,
213 1511 302 1551 tantam
312 1519 389 1551 rerum
399 1505 526 1550 ubertatem
536 1510 619 1549 natura
628 1502 710 1564 largita
720 1512 762 1561 esu
774 1512 802 1550 ut

136 1581 171 1622 ea,
188 1583 241 1629 quae
251 1567 385 1630 gignuntur,
402 1566 486 1613 donata
496 1565 599 1614 consulto
612 1566 686 1623 nobis,
697 1580 744 1613 non
755 1565 802 1614 for-

136 1628 195 1676 tuito
205 1638 267 1686 nata,
285 1630 418 1684 videantur3
435 1643 477 1677 neo
492 1630 568 1677 solum
581 1645 616 1689 ea,
632 1645 684 1693 quae
694 1629 801 1693 frugibus

135 1693 613 1820 tttmtuptm
627 1693 800 1806 utto

135 1817 265 1878 hominum,
276 1819 360 1882 partim
371 1819 400 1866 ad
410 1819 520 1881 fructum,
531 1821 615 1884 partim
623 1821 653 1869 ad
661 1822 799 1870 vescendum

134 1891 268 1944 procreatas.
293 1883 363 1931 Artes
377 1898 430 1931 vero
444 1883 621 1932 innumerabiles
631 1893 725 1948 reperta
735 1895 799 1946 sunt,

135 1946 228 1994 docente
243 1947 340 2004 natume
357 1962 429 2011 quam
443 1948 532 1996 imitata
547 1949 612 2008 ratio,
630 1965 665 1997 res
679 1949 709 1996 ad
727 1950 800 2000 vitam

135 2011 269 2059 neooesarias
280 2011 380 2060 sollerter
390 2021 508 2060 eonseeuta
518 2021 558 2060 est.

167 2074 214 2122 IX.
231 2075 313 2138 Ipsum
331 2084 408 2124 autem
424 2076 542 2124 hominem
559 2077 638 2124 eadern
655 2085 738 2124 natum
752 2068 799 2126 no'n

135 2139 210 2186 solum
227 2141 339 2188 eeleritate
355 2141 438 2188 mentis
455 2141 551 2200 ornavit,
568 2141 607 2188 sed
626 2141 695 2189 etiam
711 2157 799 2202 sennis,

135 2210 255 2278 tamquam
266 2203 380 2265 satellites,
398 2205 509 2263 attribuit,
526 2221 552 2253 ac
562 2205 670 2253 nuntios:
688 2214 711 2252 et
721 2221 800 2254 rerum

135 2267 288 2330 plurimarum
309 2271 456 2317 obscurarum
480 2269 614 2318 necessarias
638 2269 801 2332 intelligentius

135 2331 252 2392 enudavit,
263 2333 328 2396 quasi
338 2333 488 2380 firndsmenta
497 2333 603 2396 quodam
614 2333 727 2382 scientias
740 2335 800 2396 ligu-

134 2410 231 2459 rumque
242 2397 339 2459 eorporis
349 2396 451 2443 habilem
466 2405 489 2444 et
507 2406 584 2460 aptam
595 2397 686 2460 ingenio
696 2397 801 2446 humano

134 2459 204 2508 dedit.
228 2459 300 2518 Nam,
318 2475 372 2508 oum
389 2469 480 2508 caeteres
496 2461 623 2508 animantes
638 2461 755 2522 abjecisset
769 2463 799 2510 atl

134 2532 235 2589 pastum,
252 2523 326 2570 solum
340 2523 458 2571 hominem
472 2525 552 2585 erexit,
569 2525 598 2572 ed
613 2526 715 2588 solique,
732 2527 799 2588 quasi

134 2587 273 2652 oognationis
283 2586 438 2651 domisiliique
447 2588 545 2652 pristini,
559 2598 703 2652 conspectum
714 2589 799 2636 exeita-

133 2653 181 2700 vit=
199 2661 249 2700 tum
260 2651 357 2716 speciem
367 2651 401 2698 ita
410 2651 517 2701 somuvit
527 2653 580 2714 oris,
597 2661 624 2700 ut
634 2653 659 2700 in
670 2652 697 2700 el
707 2653 798 2715 penitus
816 2699 821 2706 ,

130 2714 484 2780 montanorum-2
495 2717 559 2767 Nam
569 2717 671 2777 etoeuli,
682 2715 751 2766 nimis
761 2732 798 2766 ar·
