1862 2964
134 135 183 184 230
234 130 281 184 DE
298 125 459 194 oramus,
474 131 534 179 lans.
546 129 568 178 1.
584 129 649 179 Otr.
660 129 700 177 26·

133 263 297 373 aliquemqaut
307 259 381 310 verbis
391 259 495 324 castiga,
506 257 546 308 sed
553 257 583 311 td
590 257 730 322 reipublice,
738 257 810 307 utili-

134 326 300 376 tatemreerri.
807 333 811 336 '

167 391 348 439 Cavendum-est
358 388 436 448 etiem,
448 403 478 436 ne
487 388 562 448 major
571 401 638 451 prena
652 401 724 450 quam
734 387 809 450 calpa

135 456 179 512 sit3
197 464 220 502 et
230 470 268 514 ne,
279 454 361 502 iisdem
375 453 404 501 de
419 453 501 514 causis,
516 451 556 500 alii
570 452 707 516 plectantur,
719 449 760 498 alii
774 465 808 498 ne

134 517 278 584 appellentur
289 518 391 583 quidem.

168 583 314 632 Prohibenda
329 590 406 630 autem
419 580 521 628 maxime
536 589 569 628 est
582 580 617 627 ira
630 579 655 626 in
669 577 806 642 perdendos

135 659 257 712 nunquam
267 647 339 705 enim,
349 647 420 694 iratus
435 645 476 709 qui
490 645 580 692 accedet
593 643 623 691 ad
637 657 738 707 poenam,
753 657 807 690 roe·

137 713 278 760 diocritttem
292 712 358 759 illam
373 709 467 765 tenebit,
478 725 531 772 quae
545 717 579 756 est
591 709 651 755 inter
664 708 766 756 nimium
781 715 807 754 et

136 793 246 888 ibit
255 775 807 896 ilmiffliiiibiiffiaa,

137 904 221 952 naturis
239 903 324 950 datam.
352 902 399 949 Illa
417 917 470 949 vero
487 901 595 948 omnibus
611 901 637 946 in
652 902 721 948 rebus
736 915 808 962 repu-

138 969 222 1015 dianda
237 975 286 1023 est3
306 966 488 1030 optandumque,
504 973 532 1013 ut
546 965 572 1024 ii,
589 965 631 1028 qui
644 970 746 1028 presunt
761 963 809 1010 rsi-

138 1031 244 1096 publica,
260 1031 341 1092 legum
356 1029 441 1078 similas
457 1029 511 1089 sint,
528 1045 589 1092 quae,
605 1029 636 1075 ad
650 1026 805 1093 puniendum,

138 1111 184 1143 non
195 1094 321 1152 iracundiis,
333 1094 373 1141 sed
383 1093 498 1156 equitate,
509 1094 631 1141 ducuntur.

144 1179 149 1187 ·
172 1158 270 1207 XXVI.
287 1158 369 1222 Atque
386 1157 456 1206 etiam
472 1158 498 1204 in
515 1159 584 1204 rebus
599 1156 720 1221 prosperis,
737 1163 761 1204 et
776 1155 807 1203 ad

71 1253 73 1257 ,
139 1223 282 1272 voluntatem
304 1229 405 1271 nostram
427 1222 559 1280 fluentibus,
581 1221 721 1286 superbiam,
743 1219 808 1268 fasti-

140 1288 215 1346 dium,
227 1287 433 1350 arrogantiamque,
444 1300 583 1348 magnopere
591 1285 716 1348 mgiamus.
733 1285 808 1343 Nam,

91 1359 93 1362 ’
141 1361 168 1401 ut
178 1353 282 1401 adversas
292 1367 336 1411 res,
346 1351 378 1399 sic
388 1349 506 1408 sectandas,
516 1349 665 1398 immoderate
674 1349 741 1408 ferre,
751 1349 810 1399 levi-

141 1418 195 1466 tatis
206 1425 254 1466 est:
271 1417 424 1480 praecbrsque
435 1423 469 1462 cst
481 1413 622 1477 aequabilitas
635 1413 661 1461 in
674 1413 738 1460 omni
751 1413 808 1474 vita,

142 1491 166 1530 ct
175 1482 238 1529 idem
252 1495 299 1528 sem
354 1481 440 1538 vultus,
456 1477 581 1541 eademque
594 1478 672 1534 frenat
689 1485 717 1524 ut
727 1477 812 1526 dc'So·

142 1555 211 1604 crate‚
222 1545 279 1592 item
305 1543 356 1591 eC.
366 1543 447 1602 boelio,
458 1542 594 1605 accepimus.
611 1537 748 1604 Phssippum
757 1541 811 1604 qui-

142 1607 204 1666 dem,
217 1607 374 1654 Macedonum
384 1621 470 1668 regem,
482 1608 549 1654 rebus
563 1605 631 1668 gestis
646 1614 669 1652 et
683 1603 756 1667 gloriis
770 1621 809 1652 au-

143 1789 203 1874 steps
214 1797 359 1860 arrpbsimus
369 1789 429 1844 luit:
445 1806 471 1845 ut
481 1805 541 1846 recte
550 1748 809 1862 prffiffiqamm'

112 1871 114 1880 ¹
143 1875 185 1925 qur
195 1869 298 1920 monent,
309 1869 346 1919 ut,
357 1870 444 1924 quanto
459 1861 583 1926 superiores
598 1863 678 1921 amus,
693 1869 757 1910 tento
769 1869 812 1909 nos

143 1941 250 1989 geremus
261 1925 401 1974 submissius.
425 1927 542 1974 Panaetius
555 1927 650 1990 quidem
662 1925 808 1986 Africanum,

144 1990 272 2038 auditorem
287 2000 310 2039 et
323 1989 460 2038 familiarem
473 2005 551 2050 suum,
563 1988 809 2050 contumacitatem,

144 2063 172 2102 ut
182 2069 261 2118 equos,
272 2061 364 2118 propter
375 2057 463 2102 crebras
473 2055 626 2106 contentiones
636 2053 767 2118 proeiiorum
777 2053 810 2101 fe-

145 2120 238 2167 rocitate
250 2119 398 2179 exsultantes,
413 2117 564 2168 domitoribus
577 2118 665 2167 uadem
679 2119 773 2177 soleant,
783 2125 812 2166 ut

145 2183 182 2230 bis
199 2183 339 2232 facilioribus
355 2183 442 2246 possint
459 2183 511 2240 uti3
534 2182 694 2241 nichomiam,
710 2181 811 2231 mundis

113 2303 120 2314 ἱ
146 2248 215 2294 rebus
231 2248 358 2306 effrenatos,
375 2246 463 2310 sibique
483 2247 634 2310 prandentes,
653 2255 773 2310 tamquam
787 2246 811 2293 ia

146 2325 231 2372 gyrum
242 2312 334 2360 rationis
345 2320 368 2358 et
377 2311 486 2360 doctrinae
498 2311 552 2358 duci
565 2319 677 2374 oportere,
688 2319 716 2358 ut
728 2309 812 2374 perspiss

147 2381 223 2421 cerem
240 2390 318 2422 rerum
338 2376 494 2422 humanarum
512 2374 702 2435 imbecillitatem,
721 2375 812 2424 stride

147 2445 241 2499 temque
250 2438 356 2486 fortuna.
808 2447 811 2452 “

178 2500 268 2562 Atque,
283 2503 353 2549 etiem
367 2501 392 2550 in
407 2500 574 2550 secundissimis
583 2504 660 2562 rebus,
671 2503 774 2550 maxime
782 2507 813 2550 cst

147 2563 260 2611 utendum
277 2566 371 2613 consilio
388 2565 531 2622 amicorumr
569 2567 575 2580 '
596 2575 633 2615 'ue
647 2566 723 2628 major
737 2567 811 2624 edan,

147 2641 220 2688 quam
230 2635 292 2691 ante,
303 2629 425 2680 tribuenda
434 2629 564 2682 auctoritas.
601 2631 721 2698 isdemque
730 2639 813 2694 tenpo-
