1864 2958
241 113 290 168 DE
306 112 463 175 ursione,
480 112 542 163 hin.
554 114 604 164 ΙΙΙ.
620 113 737 164 (leitil.v
773 118 825 168 dud

142 251 263 310 tyrannus
278 243 340 291 diem
355 242 596 304 neeis‘destinavisset,
611 252 636 292 et
651 244 679 306 is,
712 244 738 292 ui
751 247 821 294 morti

143 309 256 357 addictus
273 317 339 367 esset,
353 323 437 370 panem
454 307 503 354 sibi*
512 307 569 364 die,
586 261 820 358 commendandorum

142 389 246 422 suorum
256 371 333 430 musis,
344 370 511 434 postulavisset,
523 387 562 418 vas
576 371 649 419 faetus
664 371 694 419 sit
704 374 761 420 ulter
771 375 821 434 eJ'us

142 437 258 493 sistendir
276 445 311 494 ut,
323 435 342 482 si
352 435 392 482 ille
402 449 449 484 non
462 435 595 495 revertisset,
607 436 752 483 moriendum
763 447 821 486 esset

142 502 200 564 ipsi.
225 501 339 559 Quicum
350 499 380 546 ad
390 499 452 546 diem
462 515 486 546 se
499 500 626 562 recepisset,
641 499 767 548 admiratus
782 518 821 550 eo·

143 581 203 612 rum
213 565 284 614 fidem
295 572 414 626 tyrannus,
425 563 514 626 petivit,
525 574 553 611 ut
563 579 587 612 se
599 563 629 611 ad
638 564 764 611 amicitiam
775 573 820 614 ter-

146 629 212 676 tium
223 628 382 676 adscriberent.
790 649 791 654 =

152 735 156 740 .
183 693 246 740 Cum
256 692 327 755 igitur
337 691 362 738 id
372 690 434 754 quod
445 691 502 738 utile
512 691 602 739 videtur
612 692 636 738 in
647 691 756 751 enricitih,
766 708 820 742 cum

146 773 177 806 eo
188 756 252 832 quod
262 756 385 806 honestum
398 765 440 815 est,
454 765 614 818 comparatum
629 757 704 830 jaceat
714 757 820 820 utilitatis

146 818 463 998 {ttnllt‘lltlz
481 819 820 947 pilitffitzffihzth

167 953 206 1000 les
217 957 384 1012 anteponantur
395 948 515 996 anticitiae:
533 948 565 995 sio
574 947 697 996 habebitur
707 947 735 1010 is,
747 963 819 1012 quem

147 1015 301 1078 exquirimus,
312 1012 412 1060 delectus
423 1011 498 1060 officii.

179 1079 228 1128 XI.
245 1077 299 1136 Sed,
311 1076 416 1124 utilitan's
430 1077 512 1140 sperae,
523 1077 548 1123 in
563 1075 685 1140 republicis
694 1076 818 1140 saepissime

145 1153 258 1254 peoustrpp
258 1175 285 1254 ph
280 1149 307 1190 ut
314 1141 340 1188 in
348 1140 453 1214 Corinthi
463 1140 627 1214 disturbatione
638 1141 722 1252 plastris
736 1142 818 1217 durius

147 1218 218 1322 hl
233 1214 650 1332 ,ietttfflshlsztlttltlt
672 1215 817 1318 {mihil

147 1345 182 1384 est
192 1336 260 1384 utiles
275 1334 344 1380 nimis
355 1333 416 1381 enim
427 1331 571 1390 imminebat,
583 1348 624 1396 pro
641 1342 675 1380 ter
682 1333 818 1398 propinqui-

148 1409 228 1459 tatem,
237 1399 325 1462 AEgina
333 1396 427 1445 l’iraeeo.
442 1395 487 1444 Sed
495 1397 562 1454 nihil,
570 1412 602 1458 qu
640 1397 738 1456 crudele,
747 1397 816 1444 utiles

148 1473 183 1514 est
201 1463 263 1514 enim
278 1463 400 1509 hominurn
415 1469 512 1521 naturae,
529 1475 600 1524 quem
616 1460 681 1524 sequi
696 1460 816 1522 debemus,

57 1586 59 1590 Ι
148 1529 250 1576 maxime
259 1526 353 1576 inimita
363 1525 491 1574 erudelitas.

181 1593 247 1642 Male
257 1591 335 1649 etiam,
347 1590 388 1653 qui
397 1589 527 1652 peregrinos
538 1589 635 1638 urbibus
643 1588 678 1636 uti
685 1588 815 1652 prohibent,

149 1673 232 1721 eosque
240 1655 402 1713 exterminent,
414 1662 441 1701 ut
453 1654 553 1702 Pennus
560 1653 623 1717 apud
632 1661 708 1716 patres
718 1662 816 1714 nosnos,

150 1722 236 1785 Papius
246 1735 326 1782 nuper.
344 1719 408 1766 Nam
419 1733 466 1766 esse
476 1733 518 1780 pro
528 1717 584 1776 cive,
597 1717 637 1782 qui
651 1717 707 1765 civis
719 1732 765 1765 non
777 1718 814 1778 sit,

149 1795 236 1834 rectum
247 1792 280 1832 est
290 1798 336 1830 non
347 1782 429 1838 licere3
445 1797 516 1846 quam
527 1783 630 1830 tulerunt
639 1782 715 1844 legem
726 1782 815 1844 sapien-

149 1849 229 1898 dssimi
239 1848 350 1905 eonsules,
361 1847 457 1894 Crassus
468 1855 491 1893 et
501 1847 616 1895 Scaerola:
632 1861 676 1893 usu
687 1861 740 1894 vero
751 1846 815 1894 urbis

149 1914 266 1978 prohibere
273 1911 411 1976 peregrinos,
420 1925 474 1957 sane
481 1910 636 1958 inhumanum
645 1917 686 1956 est.
703 1909 749 1956 Illa
756 1925 816 1973 prae·

150 1979 215 2038 uara,
227 1976 347 2041 inquibus
356 1973 456 2038 publice
466 1972 571 2020 utilitatis
582 1973 666 2036 species
676 1989 725 2035 prae
732 1973 815 2020 hones-

143 2051 192 2090 tate
202 2040 361 2090 contemnitur.
382 2038 456 2086 Plena
466 2037 625 2099 exemplorum
635 2044 669 2083 est
679 2045 757 2085 nostra
767 2051 814 2084 res·

150 2107 247 2169 publica,
263 2119 318 2152 eum
333 2117 401 2166 sepe,
417 2110 469 2149 tum
483 2100 585 2148 maxime
599 2100 660 2148 bello
675 2100 765 2147 Punico
779 2115 815 2147 se·

151 2170 237 2220 eundae
254 2184 315 2232 qua,
332 2166 447 2214 Cannensi
461 2164 591 2213 calumme
604 2163 705 2227 accepte,
716 2164 814 2224 majores

151 2233 235 2282 animos
245 2231 335 2290 habuit,
344 2246 415 2295 quem
423 2244 528 2294 unquam
538 2231 607 2277 rebus
617 2227 735 2276 secundis:
748 2227 815 2275 nulla

150 2297 233 2346 timoris
244 2295 387 2360 signitieetio,
398 2293 560 2342 nullamentio
570 2291 639 2356 paris.
653 2290 731 2341 Teuta
739 2291 773 2340 vis
780 2299 815 2340 est

151 2361 243 2419 bonesti,
255 2369 282 2410 ut
292 2359 391 2424 speeiem
401 2358 507 2406 utilitatis
517 2359 629 2405 obscuret.

179 2425 339 2482 Athenienses,
350 2439 405 2472 eum
415 2423 540 2470 Persarum
554 2422 668 2484 impetum
683 2419 749 2468 nullo
762 2433 814 2476 mu-

152 2492 179 2540 do
188 2497 278 2566 possem
288 2488 407 2547 sustinere,
422 2496 536 2536 smtueren
563 2501 601 2545 ue,
612 2494 647 2545 ut,
659 2487 716 2533 urbe
726 2481 813 2542 relicti,

152 2554 283 2618 ronrugibus
295 2552 408 2607 olibetis
421 2549 562 2661 'l'rosztrne²⁴
587 2601 591 2606 .
606 2549 663 2662 {fite
675 2563 745 2620 ΜΨ
759 2560 813 2604 Φᾈε

571 2627 590 2662 u
