1862 2964
226 149 274 200 ΒΕ
291 149 455 212 ormena,
466 151 525 200 hun.
538 152 559 200 1.
577 151 640 200 Gar.
653 153 702 200 tls
745 152 793 200 249

121 279 176 328 loeo
195 278 257 328 dicta
271 287 342 327 sunt:
365 295 418 354 quo
433 287 511 328 autem
526 281 610 328 harum
626 279 747 340 deatum,
764 279 794 327 de

121 343 211 406 quibua
218 342 310 404 jamdiu
320 343 447 407 loquimur,
459 359 512 407 que
521 345 635 406 pertinent
645 343 675 391 ad
686 357 793 396 verecune

121 407 198 467 diam,
209 407 273 456 etad
286 422 365 455 eorum
379 407 575 471 approban'onem,
587 408 725 472 quibuscum
736 407 793 456 vivi·

121 486 187 529 mus,
199 485 261 520 nunc
272 471 368 519 dicenda
378 481 438 520 sunt.
796 514 798 518 .

157 535 225 582 Talis
244 543 277 583 est
294 535 365 598 igitur
382 535 438 583 ordo
456 536 572 584 actionum
588 535 739 594 adhibendus,
756 544 792 595 ut,

122 599 323 663 quemadmodum
341 600 366 646 in
384 599 485 647 oratione
503 599 623 656 constanti,
643 599 674 646 sic
692 599 717 646 in
735 599 794 658 viu,-

122 662 206 711 omnia
216 663 261 711 sint
272 672 326 726 apte
336 663 395 711 inter
409 679 432 712 se
447 672 470 711 et
484 663 646 711 convenientia.
669 663 750 726 Turpe
760 672 799 710 est·

123 727 198 786 enim,
209 727 320 790 valdeque
328 727 444 788 vitiosum,
453 728 478 774 in
489 743 513 776 re
523 728 608 786 sereth,
620 726 717 775 convivii
724 727 792 786 dicta,

123 799 165 838 aut
176 791 300 839 delicatum
307 792 411 855 aliquem
421 792 505 839 inferre
515 806 650 840 sermon..
672 791 738 839 Bene
748 791 794 838 Pe·
875 831 877 838 ,

122 855 199 914 rides,
211 870 265 902 cum
279 856 373 903 haberet
386 856 497 918 collegam
511 856 536 901 in
547 855 647 918 preturi
657 855 793 918 Sophoclem

122 922 227 981 poetam,
242 918 313 982 hique
327 920 355 967 de
370 919 487 966 communi
501 919 574 967 officio
589 919 754 977 convenissent,
769 927 793 968 et

107 997 179 1042 ,casu
189 982 303 1030 formosus
310 997 368 1045 puer
374 983 507 1046 preteriret,
514 982 653 1046 dixissetque
659 982 791 1046 Sophocles,

124 1049 143 1074 ⁴⁶
153 1045 177 1094 Ο
188 1061 287 1108 puerum
297 1045 430 1108 pulchrum,
442 1046 530 1095 Pericle
538 1047 563 1094 !''
587 1047 649 1094 “At
660 1047 722 1096 enim
733 1063 791 1110 prue-

124 1118 208 1170 torem‚
220 1110 340 1173 Sophocle,
349 1110 421 1170 decet,
432 1125 479 1158 non
486 1111 562 1158 solum
572 1125 664 1169 manus,
675 1112 714 1159 sed
722 1112 792 1161 etiam

124 1174 213 1232 oculos,
224 1174 362 1222 abstinentes
371 1175 478 1222 habere.”
495 1174 572 1238 Atqui
581 1175 625 1222 hoc
631 1175 694 1223 idem
702 1176 791 1239 Sopho-

124 1237 171 1286 cles
181 1238 202 1285 α’
212 1237 237 1284 in
249 1239 386 1286 athletarum
394 1238 526 1302 probatione
533 1238 635 1298 dixisset,
644 1239 708 1300 justi
715 1255 791 1302 repre.

124 1301 366 1352 hensionecaruissett
384 1301 790 1366 untevhcstetloci,ettemporis.

124 1365 161 1414 Ut
174 1366 194 1413 si
208 1366 269 1430 quis,
280 1381 334 1414 cum
348 1381 441 1414 caumm
456 1365 485 1413 sit
499 1375 600 1423 autunto,
611 1365 636 1412 in
650 1366 739 1424 itinere,
751 1376 792 1414 aut

124 1431 150 1477 in
164 1430 330 1491 ambulatione,
345 1445 422 1479 secum
436 1430 485 1492 ipse
498 1429 629 1489 meditetur,
644 1437 686 1476 sut
701 1429 720 1477 si
750 1429 791 1476 uid

124 1493 190 1542 aliud
204 1495 312 1542 attentius
328 1495 419 1558 cogitet,
435 1508 482 1541 non
497 1493 688 1556 reprehendaturr
708 1502 733 1540 at
764 1508 794 1542 oo
875 1507 880 1514 ·

124 1556 188 1604 idem
199 1557 219 1605 si
230 1558 255 1605 in
270 1559 372 1606 conuiuio
386 1557 463 1620 iaciat,
477 1557 618 1606 inhumanus
632 1556 744 1617 videatur,
755 1557 798 1604 iuae

126 1621 220 1670 scientie
230 1621 345 1685 temporis.
787 1638 799 1684 ,ζ

157 1685 204 1734 Sed
219 1701 255 1744 ca,
271 1701 324 1749 quae
337 1686 439 1733 multum
453 1688 483 1734 ab
497 1685 639 1734 humanitate
652 1685 796 1750 discrepant.

124 1749 254 1813 ut,siquis
267 1749 293 1797 in
307 1749 356 1798 foro
370 1759 505 1811 cantetaut
520 1750 791 1815 siquaestaliamagna

124 1814 268 1888 perversitas,
282 1813 348 1862 facile
362 1822 486 1888 apparent3
503 1829 545 1862 nec
559 1829 697 1877 magnopere
710 1815 795 1862 mmo..

126 2014 188 2063 eunt,
199 2008 229 2053 ab
241 2004 269 2054 iis
279 2014 313 2054 est
323 2005 454 2069 diligentius
464 2005 632 2053 declinandum.
655 2007 690 2053 Ut
703 2007 728 2052 in
739 2006 791 2053 fidi.

127 2072 179 2128 hus,
190 2078 231 2117 aut
241 2070 266 2117 in
274 2070 343 2130 tibiis,
368 2069 457 2117 uamvis
464 2069 561 2132 paulum
569 2069 704 2132 discrepent,
713 2078 790 2117 tamen

127 2133 270 2182 idaaciente
311 2135 316 2145 '
373 2133 430 2181 verti
444 2133 516 2189 eolet;
533 2132 565 2180 sic
579 2132 702 2180 videndum
718 2133 790 2180 estin

128 2197 184 2256 vitia,
201 2211 231 2245 ne
245 2198 303 2246 forte
316 2199 373 2263 quid
387 2197 513 2260 discrepet;
531 2197 567 2244 vel
577 2195 731 2244 multoetiam
741 2211 792 2250 me,

127 2261 171 2324 gis,
186 2277 234 2325 quo
247 2264 321 2323 major
335 2270 358 2310 et
372 2261 453 2310 melior
468 2260 583 2308 senonum
598 2275 669 2323 quam
684 2273 791 2308 senonim

129 2334 250 2375 wnoentus
260 2335 301 2374 est.
729 2358 731 2368 ·

158 2389 229 2437 XLI.
254 2391 346 2454 ltaque,
368 2399 395 2437 ut
415 2390 439 2436 in
460 2387 544 2437 dubus
565 2386 712 2435 musicorum·
725 2405 796 2438 aurea,

128 2453 164 2501 vel
174 2453 272 2502 murima
284 2454 399 2511 nentiunt3
416 2454 448 2501 sic
462 2467 512 2513 nos,
524 2451 543 2500 ei
557 2466 619 2499 acres
632 2467 659 2500 sc
672 2452 792 2516 diligentes

129 2532 175 2565 mse
186 2518 292 2566 volumus
302 2518 493 2566 animadversores
503 2515 620 2574 vitiorum,
633 2531 718 2580 magna
731 2532 797 2579 sarpe-

128 2581 282 2644 intelligemus
292 2597 321 2630 ex
331 2581 413 2646 parvis.
433 2580 600 2632 Bastulorum
611 2583 702 2640 obtutu,
713 2594 742 2629 ex
752 2595 798 2628 sua

129 2645 273 2708 percilianum
284 2655 325 2697 sut
335 2645 465 2698 reudedune
475 2653 515 2696 aut
525 2645 684 2706 mammon,
696 2658 725 2708 ex
736 2658 796 2694 mce-
