1858 2946
130 133 164 183 ao
195 131 243 182 on
258 129 734 195 nrvrunrrounnmroiesr·

129 271 183 322 tres,
194 261 266 312 nobili
275 261 325 310 loeo
339 270 412 320 natos,
427 259 491 326 apud
503 261 601 322 majores
614 270 701 310 nostros
715 259 808 321 ἰιιὶιεε,Ι

393 325 795 448 miserrimus

128 405 391 517 mmmmm,
398 453 529 529 praedixisse
536 454 716 500 commemorat?
733 405 796 500 (lm-

129 518 185 566 nino
195 519 258 582 apud
267 527 360 578 veteres,
372 534 413 582 qur
423 534 500 566 rerum
510 518 663 581 potiebantur,
671 515 741 563 iidem
752 532 795 564 au-

128 583 197 644 guria
206 585 319 630 tenebant
336 584 371 631 Ut
381 582 443 632 enim
458 597 544 646 sapere,
555 580 587 629 sic
596 579 706 638 divinae,
717 579 795 644 regale

127 645 250 706 ducebant,
261 656 289 695 ut
298 647 360 695 testis
368 656 402 694 est
412 655 488 694 nosne
499 645 575 694 civitas
584 660 592 699 ς
609 644 634 692 in
645 643 692 706 quie
698 653 721 690 et
730 659 796 706 reges

128 721 234 772 augures,
247 719 269 758 et
279 720 357 774 postea
367 710 450 774 privati
465 709 543 756 eodem
558 707 680 755 sacerdotio
694 707 793 770 prediti,

127 789 176 821 rem
193 774 294 822 ublieam
304 773 442 838 religionum
455 770 712 819 auctoritaterexerunt.

185 839 229 886 LI.
246 838 329 912 anue
346 837 512 886 divinationum
530 835 588 880 ratio
606 849 636 882 ne
651 834 676 882 in
691 835 806 884 barbaris¹

126 901 221 976 quidem
280 905 342 950 tibus
355 901 457 964 neglecta
470 905 517 944 esta
535 897 649 960 siquidem
663 908 686 946 et
699 899 725 947 in
736 900 793 948 Gal.

124 965 158 1013 ln
168 965 230 1012 Drui
246 981 266 1012 ω
276 974 338 1024 sunt,
350 982 363 1013 e
370 964 456 1073 ΙῚῦιιὶὶὲηυι
466 961 514 1024 ipse
524 960 666 1010 Divitiacum
676 963 792 1026 AEduum‚

125 1028 239 1092 hospitem
250 1037 318 1076 tuum
330 1029 370 1076 iau

125 1100 184 1140 turae
193 1092 305 1140 rationem
316 1095 397 1153 (quem
404 1089 571 1152 physiologiam
579 1091 655 1138 Graeci
665 1093 792 1166 appellant)
807 1099 809 1103 “

124 1163 204 1203 notam
211 1171 258 1204 esse
265 1155 308 1202 sibi
314 1154 476 1217 profitebatur3
492 1162 523 1213 et,
530 1154 614 1217 partim
621 1157 731 1218 auguriis,
739 1173 792 1220 par.

124 1220 168 1268 tim
184 1218 322 1280 oonjeeturl,
337 1233 389 1281 quse
405 1226 479 1266 essent
493 1217 580 1276 futura,
597 1218 693 1268 dicebat
717 1221 750 1268 Et
766 1222 791 1268 in

124 1283 200 1331 Persis
210 1290 352 1346 augurantur
362 1291 385 1330 et
395 1281 498 1338 divinant
509 1281 585 1346 Magi,
597 1283 638 1348 qui
650 1299 791 1348 congregan-

125 1355 163 1395 tur
173 1347 262 1398 in.t⁴ano
273 1346 442 1396 commentandi
452 1347 529 1407 ωυεὸ,
540 1356 610 1411 atque
619 1348 678 1396 inter
688 1365 712 1397 se
722 1351 792 1398 sollo-

125 1412 227 1476 quendi;
245 1412 307 1476 quod
317 1412 386 1460 etism
396 1411 457 1460 idern
465 1427 504 1459 vos
511 1413 628 1522 quondam
636 1413 709 1462 faeere
716 1414 792 1462 Nonis

123 1477 238 1527 solebatis.
262 1477 313 1524 Nec
325 1476 448 1539 quisquam
461 1491 502 1522 reu
535 1491 636 1524 erearum
649 1486 790 1550 potestesse,

123 1542 166 1603 qui
184 1556 235 1614 non.
249 1549 302 1588 ante
319 1540 446 1602 Magorum
464 1539 608 1602 duciplinam
626 1541 792 1605 amentiamque

122 1613 308 1714 pmquffim
319 1665 394 1714 videre
405 1674 427 1713 et
437 1681 520 1728 genera
528 1666 642 1728 quaedarn,
652 1676 675 1714 et
686 1667 789 1717 nationes

122 1730 177 1777 huie
191 1730 289 1777 seientia
300 1729 394 1776 deditas.
418 1730 549 1786 Telmessus
559 1730 584 1776 in
597 1731 665 1780 caris
676 1741 723 1778 est:
741 1734 789 1794 qui

122 1793 147 1840 in
158 1796 215 1840 urbe
226 1793 316 1840 exuellit
324 1791 472 1856 haruspicum
480 1793 605 1856 disciplina.
623 1795 729 1858 Itemque
737 1795 788 1844 Elis

121 1857 145 1904 in
158 1858 314 1920 Peloponneso
324 1855 422 1903 familias
439 1857 496 1904 duas
506 1867 576 1906 certas
591 1858 668 1918 habet,
686 1860 788 1907 Iamida-

121 1935 175 1969 rum
186 1936 266 1978 uuam,
277 1921 372 1968 alteram
383 1921 536 1980 Clutidarum,
544 1922 695 1986 haruspicina
705 1924 789 1972 nobili·

121 1993 168 2037 tate
178 1994 317 2049 prestantes.
343 1984 373 2032 Iu
384 1985 452 2048 Syn'la
465 1985 569 2034 Chaldoi
579 1988 706 2050 oognitione
716 1997 787 2036 asun-

120 2063 183 2108 rum,
197 2049 341 2111 sollertiirque
355 2049 507 2111 ingeniorum,
523 2053 667 2099 antecellunt.
692 2053 787 2102 Etnuia

121 2121 200 2160 autem
214 2113 243 2160 de
256 2112 312 2160 caelo
327 2121 387 2160 tacta
401 2114 547 2162 scientissime
557 2116 731 2173 animadvertit3
749 2133 786 2164 ea-

120 2176 219 2241 demque
240 2176 409 2240 interpretatur,
430 2178 487 2241 quid
508 2179 637 2244 quibusque
655 2181 786 2230 ostendatur
810 2209 811 2214 =

119 2241 227 2289 monstris
240 2249 310 2305 atque
324 2242 439 2304 portentis.
462 2243 577 2303 Quoeirua
589 2246 647 2292 bene
658 2245 720 2308 apud
735 2261 785 2294 ma-

116 2305 176 2364 jores
187 2314 274 2354 nostros
290 2314 388 2365 senatus,
404 2314 463 2366 tum,
476 2322 530 2355 cum
544 2307 638 2357 florebat
652 2308 784 2372 imperium,

52 2413 61 2432 ,
117 2368 224 2430 decrevit,
235 2379 270 2428 ut,
280 2370 308 2417 de
318 2369 448 2435 principum
459 2371 520 2430 filiis,
530 2387 570 2420 ser
578 2372 673 2436 singulis
683 2373 785 2422 Etruria

116 2433 303 2498 populiaindisei
330 2434 335 2445 '
399 2435 548 2496 traderentur,
557 2446 708 2496 nearstanta,
715 2453 785 2502 prop-

116 2505 151 2546 ter
161 2499 295 2548 tenuitatem
322 2499 435 2559 ominum,
446 2515 461 2548 a
475 2500 589 2565 religionis
599 2502 732 2551 auctoritate
742 2505 784 2552 ab·

116 2561 236 2614 duoeretur
253 2562 284 2614 ad
300 2564 428 2616 mnemon
444 2573 514 2630 atque
532 2575 653 2632 questum
679 2567 783 2633 Phryges

423 1027 649 1089 remquacognovi3
667 1028 793 1090 quietna·
848 1071 851 1076 .
926 1101 927 1116 χ
