1856 2952
310 161 530 212 PARADOXON
546 162 597 214 111.
744 163 792 221 tit}

122 296 276 351 remicurto,
287 291 386 366 atquem
397 290 540 352 mantue,
551 289 599 340 istis
609 291 689 340 mortis
699 299 740 340 cot
750 307 793 342 ex.

121 354 167 402 silii
177 355 261 404 minis:
278 355 397 404 milurero
407 354 521 420 quidquid
537 355 680 405 cecideritin
691 366 738 405 tam
754 357 792 405 in-

122 419 189 481 gesti
210 419 308 479 civitate,
326 433 356 467 ue
373 420 485 468 recusanti
504 419 598 482 quidem
616 421 723 478 evenerit,
743 436 790 470 non

122 482 192 530 modo
202 497 249 530 non
259 485 405 546 repugnanti·
428 484 493 542 Quid
504 483 566 531 enim
577 500 619 546 ego
628 485 738 544 laboravi,
750 497 792 534 sut

122 545 180 622 quid
194 547 240 609 egi,
251 557 293 596 aut
306 548 331 594 in
347 563 393 610 quo
410 548 575 610 evigihverunt
590 563 651 596 cure
666 557 690 596 et
705 550 794 612 cogite-

120 619 195 658 trunee
207 626 273 670 mere,
290 612 414 675 siquidem
424 612 483 660 nihil
492 613 571 675 peperi
581 613 634 670 tale,
646 613 703 660 nihil
712 627 791 661 conse

121 683 189 722 cutus
201 689 262 736 rum,
274 685 301 724 ut
315 692 342 724 eo
356 685 416 724 stetu
431 691 511 734 esrem,
523 691 592 739 quem
607 691 682 740 neque
692 675 796 726 fortune⁴

122 739 245 798 temeritas,
264 755 340 804 neque
353 740 499 788 inimicorum
521 741 666 788 labefactaret
684 740 788 802 injuria?

120 801 254 852 Mortemne
264 805 322 852 mihi
333 804 453 864 minitaris,
465 813 492 852 ut
502 805 596 853 omnino
607 807 636 852 ab
647 804 789 864 homiuibus,

119 879 150 914 en
171 867 287 925 exsilium,
309 877 336 916 ut
357 871 387 917 ab
405 869 524 932 improbis,
542 868 719 932 demigrsndum
739 868 788 917 ait?

120 929 188 978 Mors
202 933 308 980 terribilis
324 941 359 981 ert
372 933 409 992 iis,
426 949 526 996 quorum
536 949 590 982 eum
601 933 650 980 viti
659 933 738 980 omnic
747 948 789 981 ex·

119 995 283 1058 stinguunturr
301 1011 347 1045 nou
353 998 390 1058 iis,
402 1013 501 1061 quorum
509 998 560 1046 leus
568 998 639 1046 emori
648 1012 694 1045 uon
701 1005 787 1060 potest:

87 1063 91 1072 “
118 1059 226 1108 exsilium
236 1070 314 1110 sutem
321 1061 375 1120 illis,
387 1061 471 1126 quibus
486 1062 552 1125 qussi
562 1061 744 1125 circumscriptae
755 1069 790 1110 est

118 1123 238 1172 habitandi
247 1127 328 1183 locust
345 1141 392 1174 non
402 1126 430 1173 iis
441 1126 482 1188 qui
488 1141 581 1174 omnem
588 1128 667 1174 orbem
675 1134 787 1174 terrenam

118 1203 191 1236 unam
202 1191 284 1237 urbem
294 1205 342 1238 esee
353 1189 448 1238 ducunt.
480 1189 517 1238 Te
527 1190 632 1250 miserie,
644 1199 666 1238 te
677 1206 788 1240 rerumne

136 1261 236 1311 cernunt,
248 1255 289 1316 qui
300 1262 322 1301 te
334 1256 438 1313 beatum,
450 1254 491 1316 qui
501 1254 628 1314 florentem,
639 1263 723 1318 putas:
741 1265 789 1304 tute

118 1268 225 1364 ludina
235 1326 257 1364 te
267 1326 375 1381 torquent
385 1336 391 1365 ι
409 1327 444 1378 ιιι,
461 1317 509 1365 dies
523 1327 653 1381 noctesque,
665 1319 787 1375 eruciaris;

118 1381 156 1428 otri
166 1395 208 1428 nec
218 1389 253 1429 sat
264 1390 306 1438 est,
321 1381 383 1445 quod
394 1391 435 1441 est,
447 1390 470 1428 et
480 1382 581 1444 idipsum
596 1396 625 1429 ne
635 1397 682 1429 non
693 1382 722 1429 sit
736 1382 789 1430 diu-

118 1452 223 1504 turnum,
241 1445 325 1494 times:
343 1455 365 1494 te
384 1446 525 1494 conscientie
535 1446 655 1494 stimulent
665 1445 789 1494 maleficio-

119 1523 172 1558 rum
184 1518 292 1558 tuorume
310 1518 333 1558 tc
343 1518 419 1558 metus
429 1510 562 1558 exanimant
569 1509 709 1572 judiciorum
717 1518 787 1573 etque

118 1573 212 1636 legum:
236 1590 384 1638 quocumque
399 1574 531 1637 adspexisti,
549 1583 576 1621 ut
591 1574 677 1632 Furia,
694 1575 726 1622 sic
741 1583 788 1628 ture

118 1637 160 1685 tibi
170 1647 295 1686 occurrunt
304 1639 403 1700 injurie,
415 1654 469 1701 quae
478 1647 501 1686 te
511 1638 619 1702 respirare
635 1653 681 1686 non
700 1639 786 1686 sinunt

118 1699 285 1762 Quamobrem,
296 1712 324 1750 ut
333 1704 439 1766 improbo
455 1711 478 1750 et
493 1704 563 1751 atrito
578 1711 601 1750 et
615 1702 682 1750 inerti
700 1702 788 1752 nemini

116 1766 174 1814 bene
189 1781 236 1816 esse
246 1776 335 1830 potest;
353 1768 386 1816 sic
395 1770 470 1816 bouus
480 1767 523 1827 vir,
534 1777 558 1816 et
567 1767 639 1825 fortis,
651 1775 674 1815 et
687 1766 785 1830 sepiens,

116 1829 185 1877 miser
195 1845 297 1879 essenon
308 1841 389 1895 potest.
407 1833 459 1880 Nee
469 1847 529 1890 vero,
541 1833 607 1893 cujus
618 1832 690 1880 virtus
700 1845 787 1880 morer·

116 1907 162 1955 que
176 1894 287 1942 laudandi
297 1905 360 1955 eunt,
372 1898 421 1957 ejus
435 1911 481 1943 non
491 1896 607 1944 laudanda
619 1897 667 1944 rita
677 1903 726 1944 erte
744 1911 786 1944 ne-

118 1971 164 2019 que
179 1971 247 2020 porro
262 1959 372 2022 fugiende
387 1960 442 2018 vita,
460 1975 513 2022 que
528 1960 644 2008 laudande
661 1968 711 2007 eet:
728 1969 785 2008 esset

117 2028 196 2070 eutem
208 2021 327 2085 fugienda,
339 2025 358 2071 si
369 2033 426 2072 earet
436 2024 525 2070 misera.
542 2024 710 2083 Quamobrem,
716 2023 785 2087 quid·

117 2084 174 2147 quid
189 2093 223 2134 est
244 2087 368 2146 laudabile,
380 2088 442 2135 idem
457 2095 480 2134 et
495 2088 598 2148 beatum,
617 2099 640 2135 et
655 2087 745 2147 florens,
762 2094 791 2136 et,

45 2195 48 2202 .
120 2150 276 2213 apameam
287 2151 358 2200 mm
368 2151 443 2199 estet

334 2315 507 2353 PABADOXON
524 2316 569 2352 111.

147 2431 198 2479 ‘Ort
210 2451 249 2480 rea
260 2451 289 2479 ra
298 2431 460 2494 ἆμαρτηματα,
468 2451 504 2480 και
513 2451 543 2479 τα
553 2434 725 2496 κατιρὲιωματιι.

148 2497 427 2560 AEqualiaeasepectets,
439 2497 608 2546 etreetet'acta.

147 2603 169 2652 1.
186 2603 269 2662 rm,
283 2603 473 2668 uqunmt
498 2571 784 2666 Atmgnreupnroe

115 2667 177 2718 nim
195 2676 295 2732 promta,
313 2683 392 2718 rernm
411 2667 560 2730 erentunetl
577 2667 638 2718 ria‘ir
652 2667 784 2728 mutuum,
