1856 2952
318 165 469 216 TlMAEUS.
489 165 553 216 Cen.
572 169 609 214 11.
751 166 795 214 ttl

128 307 225 340 versum
238 291 310 342 vidui
323 293 419 358 potest),
436 303 459 343 et
469 296 544 353 ndsse,
560 304 584 344 et
599 295 705 346 nuntiare
721 303 799 352 ortum

128 373 222 415 eorum,
230 359 305 418 majus
316 369 358 417 est,
367 375 438 422 quam
449 369 476 406 ut
486 359 587 422 profiteri
597 360 693 407 scribere
705 372 746 406 nos
757 373 799 404 uu·

129 421 237 468 deamus.
254 421 400 470 Credendum
414 423 524 470 nimirum
539 433 573 470 est
584 424 697 471 veteribus
708 433 730 470 et
740 423 798 486 pris-

129 486 164 532 cis
184 490 221 538 (ut
231 485 305 545 aiunt)
322 487 384 545 viris,
399 487 476 550 quise
492 489 624 551 progeniem
635 487 739 534 Deorum
751 502 799 534 esse

129 549 246 596 dicebant.
263 548 346 614 Itaque
356 567 435 598 eorum
446 554 557 599 vocabulo
567 553 632 599 nobis
642 551 798 614 prodidemnt.

129 613 209 660 Nosse
225 623 302 662 autem
319 624 461 678 generatores
471 632 523 664 suos
538 617 624 680 optime
634 623 753 678 poterant:
771 631 798 663 ae

130 677 225 725 difficile
241 678 303 726 factu
321 689 363 739 set,
382 696 396 727 a
411 679 463 727 Diis
482 682 537 728 ortis
551 681 621 728 iidem
637 694 684 726 non
698 679 797 735 habere;

130 757 276 805 quemquem
286 747 328 790 ne'o
342 745 483 810 argumentis
498 760 539 792 nec
549 745 674 792 rationibus
685 744 750 790 certis
761 758 799 790 eo-

130 821 186 852 rum
197 808 268 856 oratio
279 807 440 855 oonfirmatur:
458 809 505 868 sed,
517 809 572 873 quia
583 809 611 856 de
622 807 669 856 suis
679 809 747 854 rebus
757 821 798 856 no-

129 869 161 917 tis
172 869 278 918 videntur
285 872 357 935 loqui,
369 873 439 920 veteri
448 873 494 935 legi
505 874 609 936 morique
619 871 746 936 parendum
758 880 798 918 est.

130 934 170 982 Sic
181 933 260 996 igitur,
270 945 296 983 ut
303 939 332 983 ab
342 935 379 983 his
387 945 421 984 est
429 938 547 996 traditum,
557 939 639 984 horum
649 935 753 984 Deorum
762 951 798 983 or·
830 975 835 988 ,

129 1007 169 1046 tus
176 998 295 1058 habeatur,
302 1010 372 1064 atque
380 1001 506 1060 dicatur,ut
511 1002 631 1050 Oceanum
640 1000 799 1064 Salaoinmque

130 1062 190 1111 Coeli
206 1073 265 1122 satu,
284 1065 409 1128 Terraeque
419 1076 538 1129 conoeptu‚
551 1075 669 1129 generatos
682 1065 799 1128 editosque

125 1141 284 1186 memoremus
294 1147 300 1176 ε
318 1144 347 1176 ex
358 1130 394 1176 his
403 1131 518 1193 Phorcyn,
528 1133 663 1189 Saturnum,
672 1140 694 1177 et
706 1130 797 1192 Opem:

130 1191 236 1254 deinceps
246 1193 331 1240 Jovem
342 1203 412 1256 atque
426 1195 554 1252 Junonem,
565 1195 672 1258 reliquos,
684 1209 742 1257 quos
753 1194 799 1241 fra-

130 1265 176 1302 tres
192 1255 252 1303 inter
269 1272 301 1314 se,
319 1269 467 1322 agnatosque,
484 1260 590 1321 usurpari
603 1268 672 1321 atque
689 1258 800 1322 appellari

131 1319 245 1378 videmus,
261 1328 283 1367 et
298 1336 377 1368 eorum
393 1325 429 1374 (ut
443 1332 538 1371 utamur
548 1323 617 1370 veteri
634 1324 712 1380 verbo)
723 1338 800 1384 prosn-

126 1383 203 1446 ¹piam.
221 1384 322 1442 Quando
328 1385 398 1446 igitur
408 1401 495 1445 omnes,
505 1396 528 1434 et
536 1387 576 1449 qui
584 1395 705 1435 moventur
711 1386 800 1448 palom-

133 1463 179 1511 que
190 1448 349 1509 ostenduntur,
365 1459 388 1497 et
404 1451 445 1514 qui
463 1450 556 1498 eitenus
566 1451 632 1498 nobis
647 1450 799 1509 declarantur,

133 1511 180 1575 qub
191 1512 235 1574 ipsi
250 1513 339 1571 volunt,
356 1515 424 1561 creati
439 1524 508 1570 sunt;
526 1524 577 1562 tum
590 1515 620 1562 ad
638 1530 675 1562 eos
690 1514 710 1560 is
725 1513 798 1572 Deus,

133 1576 174 1640 qui
186 1578 264 1624 omnia
278 1577 366 1639 genuit,
381 1578 444 1626 fatur
454 1579 520 1626 haeue
542 1581 559 1608 “
567 1579 625 1637 Vos,
641 1578 682 1642 qui
693 1578 799 1626 Deorum

134 1649 183 1688 satu
198 1641 242 1688 orti
258 1642 319 1700 estis,
334 1642 450 1690 attendite.
468 1643 576 1701 Quorum
594 1658 689 1706 operum
702 1659 743 1706 ego
758 1659 799 1705 pu·

115 1708 117 1718 '
134 1720 184 1752 rens
201 1705 337 1769 effectorque
348 1722 409 1765 sum,
421 1723 474 1772 quae
489 1724 529 1771 per
540 1708 656 1767 melecta,
670 1706 731 1768 [haeo
746 1716 800 1754 sunt

133 1769 287 1834 indissoluta‚]
306 1786 344 1820 me
357 1771 444 1819 invito:
461 1787 604 1835 quamquam
621 1788 689 1820 omne
706 1771 799 1834 colliga-

134 1842 184 1880 tum
203 1835 260 1882 solvi
277 1845 366 1897 potest:
385 1836 423 1883 scd
439 1837 621 1900 haudqubquam
635 1837 691 1884 boni
705 1845 746 1894 est,
762 1851 799 1883 ra-

127 1897 194 1954 tione
210 1898 312 1946 vinctum
328 1901 386 1946 velle
401 1900 528 1948 dissolvere.
556 1901 609 1960 Sed,
630 1901 739 1964 quonium
755 1900 799 1947 orti

134 1962 193 2020 estis,
211 1962 350 2012 immortales
365 1979 405 2010 vos
424 1963 517 2026 quidem
531 1980 579 2011 esse
595 1973 617 2011 et
632 1964 799 2024 indissolubiles

128 2041 178 2086 non
196 2025 295 2088 potestis.
318 2027 463 2090 Neutiquam
480 2036 557 2074 tamen
576 2027 739 2086 dissolvemini,
757 2043 799 2076 nec

129 2105 172 2146 ¹vos
190 2090 239 2136 ullu
255 2090 335 2137 mortis
351 2091 400 2138 fata
413 2091 536 2154 periment,
554 2106 596 2138 nec
609 2091 673 2142 fraus
688 2091 798 2141 valentior

134 2169 201 2218 quum
218 2154 338 2201 consilium
353 2170 442 2215 meum,
459 2156 521 2218 quod
537 2157 614 2215 majus
632 2165 665 2202 est
679 2156 798 2204 vinculum

135 2219 162 2266 ud
177 2219 351 2281 perpetuitatem
368 2229 475 2278 vestram,
493 2233 563 2282 quam
577 2221 626 2277 illa,
645 2219 729 2282 quibus
746 2221 798 2271 estis

128 2292 191 2342 tum,
203 2298 256 2330 cum
267 2283 432 2345 gignebamini,
448 2284 554 2346 colligati
572 2283 636 2342 Quid
647 2285 743 2330 sentiam
754 2284 798 2346 igi-

135 2355 178 2406 tur,
189 2348 323 2409 cognoscite.
341 2347 399 2394 Tria
412 2348 478 2395 nobis
488 2363 571 2410 genera
588 2348 675 2411 reliqua
685 2357 747 2404 sunt,
759 2364 797 2394 ea-

135 2427 176 2474 que
192 2411 312 2460 mortalia:
331 2412 415 2475 quibus
433 2411 597 2475 pretermissis,
617 2413 667 2460 coeli
685 2412 797 2460 absolutio

134 2476 228 2539 perfecta
245 2490 291 2522 non
309 2478 367 2522 erit:
385 2478 463 2524 omnio
478 2476 539 2524 enim
558 2491 641 2538 genera
660 2477 796 2522 animalium

134 2541 250 2602 complexu
269 2547 314 2586 non
333 2541 434 2589 tenebit:
453 2549 528 2589 teneat
545 2550 623 2588 autem
637 2541 757 2604 oportebit,
769 2551 797 2588 ut

134 2605 206 2652 eodem
225 2619 255 2652 ne
273 2604 330 2668 quid
347 2606 414 2664 absit,
428 2621 480 2669 quae
497 2621 511 2652 e
525 2621 563 2653 me
581 2605 630 2668 ipso
645 2605 724 2653 effecta
740 2605 795 2664 sint,

132 2670 187 2732 quod
204 2669 309 2717 Deorum
329 2670 400 2718 vitam
422 2670 494 2736 possit
515 2671 642 2734 udaequare.
670 2671 705 2718 Ut
723 2668 795 2733 igitur
