1852 2966
77 189 84 196 ·
119 119 150 174 tt
182 121 229 172 nn
240 123 487 186 DIVINATIONE,
500 125 558 173 his.
567 124 603 174 11.
614 124 730 175 esron·

127 251 221 316 quidem
235 269 282 302 esse
295 253 388 313 falsum,
403 262 430 302 ut
443 253 613 316 cirotrmligstus
622 253 692 302 fuerit
701 252 790 316 enguir

128 315 176 368 sed,
188 317 249 364 utin
260 319 324 366 cunis
333 318 402 365 hrerit
411 318 501 381 anguis,
512 327 614 367 nontam
623 317 793 378 estmirum,in

130 379 223 428 Solonio
234 383 368 445 presertim,
379 383 421 429 ubi
432 382 464 429 nd
478 381 554 430 focum
569 399 655 446 angues
668 381 794 430 nundinari

130 443 210 491 solent.
236 446 308 504 Nom,
324 446 385 509 qnod
401 447 470 493 horus
485 447 530 494 ioes
545 447 716 510 responderunt,
733 444 794 492 nihil

130 507 174 562 illo
182 509 273 568 clarius,
284 511 343 558 nihil
353 511 452 558 nobilius
461 463 525 566 tim
538 511 617 570 miror,
629 511 691 558 Deos
698 510 794 556 immor-

131 572 189 619 tales
205 573 308 621 histrioni
324 575 403 622 tumre
417 573 541 622 claritatem
557 575 687 635 ostendisse,
703 573 794 620 nullom

132 638 255 685 ostendisse
262 637 380 686 Afrioono.

164 701 245 764 Atque
253 703 321 750 etiem
329 719 343 749 a
350 711 373 750 te
381 702 525 749 Flaminiana
535 711 623 750 ostenta
632 703 725 750 collecto
732 709 795 760 sunt,

133 765 196 829 quod
203 765 259 828 ipse,
269 775 291 813 et
299 782 371 829 equus
379 767 428 826 ejus
435 775 526 828 repente
534 767 660 814 oonoiderit.
678 767 733 814 Non
741 779 796 812 sane

134 830 239 877 mirabile
249 831 292 877 hoo
302 830 403 892 quidem.
422 829 493 887 Quod
503 830 569 876 evelli
578 830 647 892 primi
657 829 740 877 hastati
751 829 797 890 sig·

135 908 193 941 num
202 906 250 940 'non
261 893 367 956 potuerit,
379 893 459 940 timide
469 893 562 940 fortusse
572 893 665 955 signifer
675 893 795 952 evellebat,

136 958 199 1022 quod
213 957 307 1004 fidenter
320 957 432 1004 inlinem-
452 957 516 1004 Nam
530 957 637 1019 Dionysii
648 973 729 1020 equus,
740 955 798 1020 quid

137 1021 214 1070 attulit
222 1021 384 1078 admirationis,
393 1021 455 1083 quod
463 1021 553 1068 emmsit
560 1037 589 1068 ex
599 1021 710 1070 fluminei
724 1020 798 1085 quod·

138 1084 328 1148 quehobuitapes
336 1085 359 1131 in
365 1085 438 1144 jubt?
450 1084 503 1142 Sed,
510 1085 565 1148 quie
572 1085 636 1132 brevi
641 1094 742 1148 tempore
748 1099 799 1147 reg-

137 1163 192 1198 nare
199 1149 274 1211 capit,
285 1149 347 1211 quod
358 1147 467 1196 occiderat
477 1162 538 1204 essu,
550 1149 597 1196 vim
608 1149 689 1196 hebuit
698 1149 787 1196 ostenti.

169 1213 205 1260 At
221 1213 398 1260 Looedaemoniis
411 1213 436 1259 in
451 1212 558 1260 Herculis
572 1212 625 1260 fano
639 1228 704 1260 erma
717 1227 800 1260 sonue-

137 1286 208 1334 runt3
225 1277 372 1340 ejusdemque
385 1277 431 1323 Dei
443 1276 531 1324 Thebis
541 1277 612 1324 valve
622 1278 712 1336 clause,
723 1275 800 1324 subito

138 1337 167 1390 se-
179 1350 331 1406 eperuesunt:
354 1355 426 1404 euque
441 1349 512 1400 uuo,
529 1357 581 1404 quae
596 1341 686 1388 fuerent
701 1340 800 1388 sublime

139 1407 195 1464 fixo,
204 1414 258 1454 sunt
267 1404 334 1453 humi
343 1405 442 1452 invente.
465 1405 558 1452 Horum
568 1420 621 1452 oum
631 1404 680 1452 fieri
690 1403 748 1450 nihil
758 1419 801 1466 po-

139 1471 209 1518 tuerit
223 1469 271 1517 sine
287 1470 365 1532 atiquo
380 1477 453 1526 motu,
468 1468 580 1532 quidest,
596 1483 636 1516 our
652 1467 761 1516 divinitus
773 1483 801 1516 ee

45 1595 47 1600 ’
139 1544 297 1645 wffillm
302 1533 688 1671 lllsuinfalllsoehstlrihfflgpoepite
703 1595 802 1659 Delphis

140 1661 226 1708 exstitit
240 1675 322 1706 oorona
336 1675 364 1707 ex
379 1659 462 1722 asperis
476 1659 560 1718 herbis,
575 1667 598 1706 et
612 1660 705 1722 quidem
718 1659 801 1708 subito.

140 1724 207 1772 Itone
223 1737 307 1782 oenses,
321 1732 374 1770 onte
387 1737 493 1769 ooronem
507 1723 583 1770 herbae
597 1724 715 1784 exstitisse,
731 1733 803 1787 quern

141 1785 803 1915 &ffluvlirmffngestnuelrlonllhrmblhhlilffiffil

141 1915 198 1978 quid
216 1914 241 1960 in
256 1913 329 1976 sepite
346 1922 387 1974 est,
402 1913 428 1961 id
442 1929 530 1962 corone
546 1914 620 1962 simile
634 1914 706 1963 rideri
720 1924 802 1979 potest·

141 1978 214 2036 Nam,
226 1977 288 2040 quod
299 1977 378 2024 eodem
388 1985 489 2040 tempore
499 1978 574 2026 stelles
582 1994 661 2026 oureus
671 1979 770 2028 Castoris
781 1987 804 2027 et

141 2041 250 2102 Pollucis,
257 2039 355 2104 Delphis
361 2041 452 2104 positos,
459 2041 574 2101 decidisse,
581 2044 804 2106 nequeeesusquern

142 2114 240 2168 repertos
250 2120 305 2164 esse,
317 2105 409 2161 dixisti;
421 2105 500 2154 iurum
510 2106 617 2168 idmsgis
627 2107 803 2170 fectum,quern

142 2167 256 2228 Deorum,
273 2169 369 2217 videtur.
394 2169 472 2218 stmiae
491 2185 543 2218 vero
561 2169 678 2217 Dodoneoe
693 2171 804 2233 improbi·

142 2241 214 2280 tatem
224 2232 321 2280 historiis
330 2234 415 2288 Grecis
422 2233 554 2280 mundatem
562 2248 608 2280 esse
616 2233 721 2280 demiror.
738 2233 804 2290 Quid
873 2241 878 2248 '

142 2297 220 2344 minus
237 2297 332 2356 mirum,
351 2312 422 2360 quarn
440 2297 505 2343 illem
518 2297 734 2344 monstrosissimam
752 2299 803 2344 bes-

142 2360 199 2407 tium
209 2375 291 2407 urnam
302 2361 414 2420 merone,
425 2369 494 2406 sortes
503 2359 659 2422 dissipansse?
675 2360 708 2407 Et
718 2369 804 2421 negent

142 2425 250 2483 historin,
262 2423 439 2472 laooedrenroniis
449 2424 524 2470 ullum
534 2431 648 2470 ostentum
659 2424 701 2470 hoc
716 2423 802 2471 tristius

142 2487 263 2538 occidisse!
289 2488 352 2534 Nom
368 2488 409 2534 illo
424 2487 531 2550 predicto
548 2487 689 2546 Veientium,
705 2488 724 2534 si
739 2487 803 2535 locus

141 2556 249 2604 Albanus
262 2551 416 2608 redundiuet,
431 2553 496 2614 isque
510 2551 534 2598 in
549 2566 611 2599 mere
627 2551 736 2612 fluxisset,
753 2552 803 2599 Ro-

142 2635 206 2669 niem
217 2616 355 2682 perittuom3
372 2615 391 2665 si
401 2631 514 2680 repressus
524 2625 589 2677 εκεῖ,
601 2615 686 2674 vene
700 2616 733 2665 its
742 2631 803 2681 eque
