1864 2958
224 153 272 206 ΒΕ
288 151 446 216 osmons,
463 155 524 205 nu.
536 155 586 205 111.
603 154 668 206 cir.
679 157 703 204 s.
752 141 805 212 ror¹

128 280 215 345 spoliet
224 291 265 330 eut
275 281 345 332 violet
354 285 460 343 slterum,
472 283 585 348 disrumpi
595 299 684 332 neeesse
694 292 728 332 eet
741 299 801 346 mm,
845 329 846 334 ,

129 361 187 409 quus
194 347 297 394 maxinre
307 357 340 396 eet
351 348 476 396 seeundum
483 356 599 408 naturum,
610 348 707 396 humaui
714 349 803 411 generis

129 409 270 458 societatem
294 411 338 471 Ut,
349 412 559 476 siunumquodque
568 415 699 460 membrum
710 427 802 460 sensum

128 472 195 521 hune
206 474 307 535 heberet,
319 485 346 523 ut
356 491 421 538 posse
450 485 524 524 uteret
536 491 560 523 se
572 477 655 536 valere,
669 477 688 523 si
702 477 803 539 proximi

128 538 232 585 membri
246 539 400 588 valetudinem
453 556 477 588 se
487 539 638 596 traduxissete
655 539 769 588 debilitari
779 549 803 588 et

129 601 224 649 interire
235 609 310 650 toturn
320 619 402 666 oorpus
413 619 500 652 neeesse
511 613 583 660 esset3
600 604 640 662 sio,
649 604 668 651 si
678 603 802 667 unusquis·

130 680 179 728 que
194 669 297 714 nostrum
307 668 381 744 rapiet
396 669 425 716 sd
436 684 460 716 se
472 668 593 716 oommods
605 667 712 726 eliorum,
727 667 802 715 detrs-

128 728 219 792 hatque
234 731 296 842 quod
310 746 394 796 umque
407 733 486 796 possit,
501 732 651 780 emolumenti
663 732 699 778 sui
711 731 785 794 gratiis
792 747 804 788 ς·

130 793 226 842 societas
257 795 363 843 ominum
377 804 399 844 et
414 796 565 845 summonitus
576 803 697 854 evertatur,
712 810 802 843 neeesse

131 865 174 905 est.
192 859 265 915 Nam,
277 859 320 907 sibi
330 870 358 908 ut
367 860 466 925 quisque
472 861 546 920 mulit,
558 860 620 925 quod
631 860 660 907 sd
671 875 740 907 usum
748 859 804 906 vite

130 921 253 984 pertineat,
263 939 334 988 quum
342 925 415 984 alteri,
425 926 548 988 nequiuere,
559 939 690 973 oonsessitm
700 931 742 983 est,
754 937 801 970 non

129 988 802 1116 umquem

131 1127 193 1162 mus.
536 1086 544 1113 2
629 1087 637 1114 l
700 1087 708 1114 9
803 1149 807 1155 Δ

165 1179 250 1242 Neque
266 1195 319 1228 vero
332 1180 376 1229 hoc
390 1181 465 1229 solum
479 1181 571 1240 neturt,
584 1181 665 1240 idest,
678 1182 732 1242 jure
744 1195 801 1244 gen·

131 1241 201 1302 tium,
218 1243 257 1290 sed
271 1244 340 1292 etism
354 1244 444 1308 legibus
458 1245 604 1309 populorum,
620 1246 704 1308 quibus
719 1245 742 1291 in
754 1244 800 1292 sin·

131 1306 193 1369 gulis
208 1307 337 1356 civitatffius
352 1309 480 1373 respublica
493 1309 629 1366 continetur,
641 1309 720 1356 eodem
730 1308 801 1356 modo

132 1371 281 1419 constitutum
296 1381 338 1431 est,
353 1381 381 1420 ut
395 1388 442 1421 non
456 1373 531 1432 liceat,
547 1373 583 1420 sui
597 1371 712 1420 oommodi
722 1372 799 1432 causi,

130 1447 212 1483 nouere
222 1436 298 1488 ,alteri
324 1437 377 1484 Hoc
391 1437 453 1484 enim
464 1445 566 1500 spectent
575 1437 645 1498 leges,
657 1436 700 1483 hoo
710 1436 799 1492 volunt,

131 1498 271 1547 ineolume-
288 1501 437 1562 esseldvium
455 1500 653 1563 oonjunetionem3
671 1514 742 1562 quum
759 1499 801 1563 qui

131 1561 252 1624 dirimunt,
264 1580 302 1612 eos
312 1573 394 1623 morte,
406 1565 494 1625 exsilio,
509 1564 614 1624 vinculis,
630 1563 723 1622 damno,
738 1567 801 1611 oo'e'r-

131 1635 190 1674 uent
212 1628 294 1692 Atque
303 1629 347 1677 hoc
357 1629 431 1677 multo
441 1629 515 1692 mugio
526 1629 597 1692 exigit
607 1629 657 1692 ipsu
666 1637 753 1676 usturae
764 1629 804 1675 rss'

131 1690 173 1750 tio,
192 1707 245 1754 quse
259 1701 293 1740 est
306 1693 345 1740 lex
359 1693 437 1741 divina
451 1702 474 1742 et
488 1695 605 1748 humsuu3
622 1693 660 1741 cui
670 1707 749 1756 perere
759 1692 803 1756 qui

131 1755 187 1802 velit
197 1759 286 1810 (omnes
293 1765 371 1804 sutem
379 1760 500 1821 parebunt,
510 1759 551 1822 qui
558 1758 684 1806 seeundum
692 1765 800 1804 nutursm·

132 1819 210 1866 volent
220 1820 313 1880 visere),
327 1835 447 1885 nunquam
458 1822 593 1881 committet,
609 1830 636 1869 ut
645 1821 747 1869 alienum
758 1835 800 1885 sp-

132 1883 280 1995 petssffim
293 1885 355 1997 Ἓξ
365 1886 430 1962 alteri
440 1886 625 1998 dgttmentdubi
635 1894 745 1997 ffi

274 1964 298 1996 m
498 1965 566 1998 seeum
582 1965 623 1997 usn
759 1965 800 1996 ex-

133 2009 221 2058 eelsites
231 2012 302 2060 animi
313 2020 335 2060 et
346 1964 489 2075 fflmdo,
500 2015 602 2076 itemque
616 2014 718 2071 oomitss,
732 2013 800 2073 justi·

133 2071 174 2134 tiu,
193 2075 323 2137 liberulitss,
342 2092 413 2152 quem
431 2078 544 2141 voluptas,
564 2091 635 2141 quem
654 2077 710 2134 vite,
729 2089 800 2138 quum

133 2137 233 2187 divitie:
251 2157 303 2204 que
314 2141 407 2206 quidem
418 2151 569 2201 contemnere,
585 2149 607 2187 et
622 2155 664 2203 pro
674 2139 747 2186 nihilo
757 2138 801 2185 du-

133 2217 191 2262 oere,
210 2213 379 2267 oompuruutem
396 2219 450 2252 eum
467 2205 565 2252 utilitate
579 2202 704 2261 communi,
721 2203 802 2264 magni

133 2267 205 2314 enimi
213 2277 235 2315 et
243 2269 325 2317 excelsi
336 2280 385 2326 est3
402 2268 518 2316 detrahere
529 2277 606 2316 eutem
616 2267 681 2315 elteri
692 2266 727 2314 sui
738 2281 800 2314 oom-

132 2331 197 2379 modi
207 2333 284 2392 cunei,
297 2334 371 2396 mugio
386 2342 419 2381 est
430 2341 632 2391 mutuaturum,
648 2346 719 2396 quum
729 2345 800 2391 mors,

133 2410 204 2458 quum
215 2395 287 2457 dolor,
299 2413 370 2461 quum
381 2406 460 2445 caeters
470 2397 559 2460 generis
569 2396 679 2457 ejusdem.

165 2459 280 2522 Itemque,
291 2461 365 2524 magis
376 2469 409 2508 est
420 2461 544 2509 seeundum
552 2469 669 2519 naturum,¹
676 2474 718 2523 pro
726 2457 801 2506 omni·

133 2525 177 2572 bus
191 2525 298 2586 genubus
309 2527 338 2578 (si
349 2525 398 2573 fieri
408 2526 488 2589 possit)
499 2523 655 2574 conservandis
667 2533 708 2571 eut
716 2524 801 2583 juveu-

133 2586 177 2647 dis,
185 2588 300 2636 maximos
310 2589 398 2638 labores
407 2589 568 2654 molestissque
576 2588 696 2652 suscipere,
707 2585 806 2647 imituuq

134 2660 180 2701 tem
191 2651 317 2702 Herculem
327 2653 404 2716 illum,
420 2669 490 2719 quem
500 2653 621 2702 hominum
631 2653 703 2712 sumu,
714 2648 799 2699 benefl-
