1862 2964
229 182 277 234 DE
294 184 451 245 LEGIBUS,
468 185 527 234 lus.
540 186 590 234 III.
608 186 671 234 cnr.
684 189 706 234 8.
753 187 799 242 itt

140 309 227 360 sulibus
240 313 334 362 tribuni.
358 315 422 362 Nam
436 313 495 362 illud
506 315 599 377 quidem
610 315 695 378 ipsum,
706 315 769 378 quod
779 315 804 362 in

138 376 189 436 jure
199 377 300 439 positum
311 387 353 438 est,
371 379 441 426 habet
457 380 544 438 consul,
560 388 587 426 ut
600 380 621 426 ei
635 380 717 442 reliqui
731 379 805 442 megi·

140 448 309 490 strumsomnes
316 451 418 505 pereant,
430 444 640 506 exceptotribunm
653 444 694 518 qui
703 452 755 506 post
766 459 806 494 ex·

140 503 206 564 stitit,
223 519 253 552 ne
266 505 299 564 id,
315 507 377 568 quod
387 507 469 565 fueret,
485 516 556 556 esset:
573 508 617 555 hoc
631 523 693 554 enim
703 508 806 581 primum

141 567 227 614 minuit
232 569 348 620 consulme
353 571 400 632 jus,
412 571 475 632 quod
482 571 569 620 exstitit
580 571 662 634 [ipse],
674 587 715 634 qur
725 586 751 618 eo
760 586 806 618 non

141 639 271 689 teneretur3
288 633 378 693 deinde,
395 635 457 696 quod
475 635 553 682 attulit
571 636 684 686 auxilium
703 634 805 696 reliquie,

141 708 189 742 non
199 696 268 744 modo
278 698 455 760 magistratibus,
467 698 507 746 sed
521 699 590 746 etiem
604 699 706 762 privatis,
720 699 809 746 consuli

142 772 190 806 non
200 760 340 824 parentibus,

177 823 286 879 Quintus.
304 825 421 889 Magnum
436 826 492 874 dicis
506 827 609 874 malum:
627 841 690 886 nam,
706 825 751 873 ists
766 841 808 889 po·

142 894 223 935 testate
233 889 296 948 neti,
307 891 408 952 gravitas
418 890 564 953 optimatium
579 890 667 949 cecidit,
683 891 808 938 convaluit·

143 967 189 1014 que
197 952 236 1012 jus
250 953 411 1002 multitudinis.
431 955 533 1001 Morcus.
545 955 600 1002 Non
612 963 645 1002 est
659 955 699 1013 ita,
711 955 807 1013 Quinte.

142 1015 199 1062 Non
217 1016 279 1064 enim
293 1018 333 1078 jus
349 1018 408 1064 illud
425 1019 500 1086 solum
520 1018 638 1081 superbius
656 1020 751 1082 populo,
768 1015 818 1068 sed‘

141 1079 270 1139 violentius,
282 1080 354 1128 videri
364 1097 452 1129 necesse
462 1090 525 1138 erat3
542 1099 589 1145 quo
599 1091 747 1146 posteaquam
758 1099 809 1130 mo·

142 1143 193 1190 dios
208 1152 231 1191 et
245 1145 482 1236 sspfliepsfltempsrutio
496 1146 596 1207 accessit,
611 1161 717 1196 conversa
731 1149 770 1196 lex
784 1148 809 1194 in

142 1221 223 1256 omnes
233 1217 267 1256 est

174 1297 248 1344 Deest
262 1299 365 1344 cencium
381 1299 452 1361 liujus
465 1300 524 1360 legit
537 1301 642 1360 capitem
652 1302 782 1361 explicatio,
794 1315 809 1346 c

204 1363 333 1425 principio,
342 1364 449 1424 usquead
456 1363 498 1410 doc
505 1369 582 1424 caput,
590 1365 695 1410 Doctum
702 1379 755 1410 cum
761 1367 777 1410 l.

85 1501 87 1506 -
171 1465 247 1514 VIII.
255 1465 381 1518 “Domum
389 1463 441 1516 tum
448 1466 656 1515 lauderedeunto.’'
665 1466 733 1514 Nihil
739 1467 809 1526 enirn,

145 1539 230 1640 preter
242 1530 345 1590 leudem,
361 1531 426 1582 bonis
441 1539 510 1594 atque
520 1531 686 1591 innocentibus,
698 1546 772 1593 neque
782 1547 811 1578 ex

163 1594 250 1642 ostibus
264 1609 339 1658 neque
355 1609 370 1641 a
387 1595 459 1653 sociis,
482 1595 652 1657 reportandum.
679 1595 736 1642 dam
753 1595 812 1642 illud

145 1667 252 1722 apertum
260 1658 360 1721 profecto
368 1658 477 1716 estnihil
484 1674 531 1706 esse
541 1659 639 1722 turpius,
650 1674 721 1722 quam
732 1675 813 1724 quem-

146 1737 218 1786 quem
228 1722 308 1785 legati,
325 1721 369 1774 nisi
385 1722 515 1785 reipublicae
525 1723 600 1778 censi.
617 1723 717 1783 Omitto,
732 1739 813 1788 quern·

146 1787 274 1839 admodum
290 1785 329 1832 isti
345 1799 369 1832 se
385 1795 473 1848 gerant,
491 1796 561 1850 atque
570 1788 688 1850 gesserint,
700 1789 741 1851 qui
750 1789 812 1850 legs·

145 1851 209 1898 tione
223 1849 363 1905 hereditates
374 1858 414 1920 qut
425 1851 565 1914 syngraphas
575 1869 627 1900 sues
637 1861 811 1916 persequuntur.

148 1915 180 1962 In
194 1913 326 1962 hominibus
342 1922 376 1962 est
388 1914 432 1962 hoc
446 1915 539 1962 fortasse
553 1916 642 1971 vidum.
667 1917 712 1968 Sed
726 1933 812 1980 quaero,

146 1978 205 2044 quid
215 1993 294 2041 reapse
304 1978 333 2025 sit
343 1978 441 2041 turpius,
453 1994 532 2040 quum,
544 1980 592 2027 sine
601 1981 767 2044 procuratione,
779 1996 813 2028 se-

146 2052 215 2091 nator
228 2043 325 2105 legatus,
343 2043 391 2089 sine
409 2042 532 2101 mandetis,
550 2044 599 2090 sine
617 2045 665 2098 ullo
684 2045 813 2106 reipublice

145 2109 262 2155 munere?
279 2106 351 2164 Quod
357 2105 451 2170 quidem
462 2121 535 2168 genus
545 2107 663 2169 legationis
672 2123 714 2169 ego
724 2109 814 2168 consul,

146 2185 292 2235 quamquam
306 2170 336 2218 ad
351 2169 498 2218 commodum
513 2174 603 2218 senatus
616 2171 727 2232 pertinere
738 2171 813 2218 vides-

145 2245 195 2294 tur,
210 2244 297 2293 tamen,
313 2236 452 2298 approbante
466 2243 545 2282 senatu
562 2234 753 2297 frequentissimo,
770 2235 814 2283 nisi

145 2300 207 2348 mihi
223 2299 351 2347 levissimus
368 2299 473 2346 tribunus
490 2299 563 2362 plebis
580 2307 631 2345 tum
647 2299 813 2358 intercessisset,

145 2363 297 2413 sustulissem.
325 2363 415 2410 Tamen
429 2363 505 2418 minui
519 2372 624 2425 tempus:
642 2371 673 2422 et,
690 2364 815 2426 quoderat

144 2428 274 2487 infinitum,
283 2442 386 2478 annuum
395 2427 445 2474 feei.
462 2429 500 2476 Ite
506 2427 623 2490 turpitudo
631 2438 716 2488 manet,
724 2427 814 2475 diutur-

144 2494 219 2541 nitate
229 2492 327 2540 sublate
350 2492 395 2540 Sed
408 2493 466 2554 jam,
478 2491 498 2539 si
512 2493 594 2554 placet,
605 2491 634 2538 de
644 2493 764 2555 provintiis
774 2491 813 2538 de-

144 2557 255 2611 cedatur:
267 2555 434 2618 inUrbenrque
442 2556 553 2603 redeatur.
570 2555 671 2602 Att'wtcs.
679 2556 753 2603 Nobis
761 2570 813 2604 vero

143 2621 236 2684 placet:
248 2619 288 2668 sed
298 2619 334 2677 iis,
346 2620 387 2682 qui
397 2619 421 2665 in
430 2620 551 2682 provinciis
558 2628 619 2678 sunt,
629 2620 724 2666 minime
732 2619 812 2681 placet.

143 2685 252 2734 Morcus.
271 2681 307 2732 At
318 2699 378 2744 vero,
391 2681 454 2745 Tite,
466 2683 485 2732 si
497 2693 591 2748 pareant
601 2684 637 2732 his
646 2682 744 2744 legibus,
756 2681 813 2730 nihil
