1864 2958
277 151 325 203 DE
341 153 553 216 SENECTUTE,
570 155 632 205 Osr.
646 157 685 212 17.
765 157 812 206 ibo

146 278 192 328 ibi
202 280 283 344 pilum,
294 281 473 342 ubi‘nstsuoses
485 291 508 332 et
521 281 614 332 cursim:
632 285 697 332 nobis
710 283 811 340 senibus,

147 358 178 390 ex
193 345 320 394 lusionibus
334 347 422 405 multis,
438 349 495 396 talos
510 349 647 411 relinquant,
664 357 687 395 et
702 357 809 396 tesseres:

146 407 249 470 idipsum
261 409 364 474 [utrum]
376 413 478 468 lubebit3
495 413 614 475 quonism,
625 413 673 460 sine
686 412 731 472 his,
744 413 812 459 beate

147 483 414 588 Ἕξῗῗᾛῗὲΐζᾱ
424 555 460 586 res
470 539 578 602 perutiles
588 539 748 602 Xenophontis
757 539 815 587 libri

146 607 217 647 sunt:
235 616 292 664 quos
302 602 379 665 legite,
386 618 472 665 queso,
484 603 591 662 studiose,
601 612 629 650 ut
635 604 714 650 faces
732 602 812 661 Quem

147 664 238 726 copiose
250 666 280 711 eb
294 680 320 712 eo
336 666 474 728 agricultura
489 667 596 714 laudetur
609 667 634 713 in
650 683 676 714 eo
690 667 757 723 libro,
771 667 813 730 qui

147 735 182 774 est
195 727 224 774 de
235 729 320 776 tuendi
329 745 355 777 re
364 730 481 788 familiari,
500 731 542 793 qui
556 733 574 759 ‘⁶
586 730 764 778 OEuonumicus'’
775 731 812 776 in-

146 791 269 839 scribitur!
286 795 376 856 Atque,
387 803 414 841 ut
424 794 564 856 intelligetis,
575 794 665 841 nihilei
679 802 727 841 um
737 794 814 856 regule

147 855 220 902 videri
233 872 304 919 quem
314 858 417 904 studium
426 859 476 920 agri
488 858 585 918 colendi,
600 859 702 906 Socmtes
712 857 736 904 in
747 873 774 905 eo
784 858 814 904 li-

146 920 190 968 bro
207 920 310 982 loquitur
322 937 377 969 cum
393 921 521 982 Critobulo,
533 922 622 985 Cynum
640 922 762 980 minorem,
777 937 812 969 re·

147 997 201 1044 gem
219 983 349 1044 Persarum,
365 995 510 1049 prestantem
526 987 618 1048 ingenio
636 995 706 1049 etque
722 985 813 1048 imperii

147 1046 229 1109 gloriis,
244 1063 298 1096 cum
313 1049 431 1112 Lysander
449 1050 644 1109 Lsoedoemonius,
663 1051 697 1098 vir
715 1062 813 1098 summu

147 1111 246 1170 virtutis,
257 1113 353 1160 venisset
363 1114 393 1160 sd
403 1129 455 1161 eum
467 1115 553 1173 Sardis,
565 1115 631 1177 eique
646 1115 708 1162 done
720 1129 734 1160 e
747 1113 811 1162 sociis

146 1175 273 1233 attulissem
291 1186 314 1224 et
331 1178 416 1225 ceteris
432 1179 457 1224 in
472 1180 539 1225 rebus
555 1193 644 1226 comem
658 1194 712 1240 erge
722 1178 812 1240 Lysan-

146 1238 215 1286 dmm
231 1249 300 1303 etque
315 1241 445 1288 humanum
458 1240 536 1300 fuisse,
551 1243 605 1289 etei
620 1243 744 1305 quemdem
759 1257 813 1290 eon-

146 1313 239 1366 septum
246 1320 336 1366 ugrum,
345 1305 465 1368 diligenter
474 1306 595 1364 consitum,
603 1306 732 1352 ostendisse.
750 1305 812 1352 (lum

147 1377 225 1416 sutem
232 1368 382 1416 admiraretur
388 1369 506 1431 Lysander
514 1378 536 1416 et
544 1370 686 1431 proceritates
694 1371 811 1427 arborum,

147 1440 171 1479 et
181 1431 275 1480 directos
285 1433 310 1480 in
320 1433 472 1496 quincuncem
482 1432 579 1491 ordines,
592 1441 614 1480 et
621 1432 721 1479 humum
732 1434 812 1480 subsc·

146 1504 196 1544 tem
207 1505 276 1560 etque
291 1512 383 1560 purum,
395 1507 418 1546 et
432 1497 566 1544 suavitatem
581 1497 678 1545 odorum
693 1497 734 1558 qui
748 1496 812 1544 afflue

147 1562 367 1618 renturefloribus3
384 1561 538 1618 tumdisiese,
549 1560 627 1607 mirari
641 1575 665 1608 se
681 1575 728 1608 non
742 1559 811 1608 modo

147 1623 298 1686 diligentium,
312 1626 352 1673 sed
366 1626 435 1674 mem
449 1625 572 1673 sollertiam
585 1627 642 1686 ejus,
654 1640 669 1671 s
678 1641 725 1688 quo
739 1633 813 1672 essent

147 1687 189 1735 ills
198 1689 301 1737 dimensa
313 1698 382 1753 etque
394 1690 521 1752 descripte3
545 1699 568 1738 et
581 1689 603 1736 ei
617 1690 706 1752 Cyrum
720 1704 813 1752 respon-

147 1751 221 1800 disset
240 1756 258 1782 “
268 1754 345 1817 Atqui
355 1770 397 1818 ego
412 1755 491 1802 omnie
501 1754 543 1802 iste
553 1769 606 1802 sum
616 1753 748 1801 dimensus:
766 1752 813 1800 mei

146 1825 203 1863 sunt
212 1817 311 1872 ordines,
322 1834 374 1865 mee
387 1817 524 1880 descriptios
540 1819 621 1865 multe
635 1818 703 1865 etiem
716 1818 812 1864 istarum

148 1881 256 1926 arborum
267 1881 319 1928 mei
326 1896 397 1928 manu
413 1891 466 1928 sunt
476 1883 554 1928 sete?
574 1881 640 1928 Tum
654 1881 811 1944 Lysandrum,

75 1980 77 1984 .
146 1942 277 1990 intuentem
287 1945 337 2003 ejus
346 1959 481 2006 purpuram,
492 1953 515 1991 et
524 1945 620 1992 nitorem
632 1946 738 2006 eorporis,
746 1959 812 1992 orne-

146 2013 247 2067 tumque
266 2005 383 2053 Persicum
401 2008 476 2054 multe
492 2022 548 2054 euro
564 2008 689 2070 multisque
705 2007 811 2069 gemmis,

146 2068 249 2116 dixisse:
267 2071 285 2098 ‘⁴
297 2069 744 2132 Rectevmomcyrebestumferuut,
755 2086 813 2133 quo·

145 2131 214 2179 niem
225 2132 303 2180 rinuti
313 2141 360 2180 tue
368 2133 461 2180 fortune
470 2134 592 2194 conjunctu
601 2134 659 2181 est.”

145 2226 148 2234 ·
183 2197 237 2244 Huc
251 2197 322 2260 igitur
335 2197 427 2245 fortunis
442 2197 496 2244 itui¹
506 2198 559 2245 lieet
576 2197 682 2245 susibuss
699 2212 741 2244 nec
760 2206 813 2248 etas

146 2261 256 2324 impedit,
271 2261 395 2324 quominus
409 2270 431 2309 et
444 2269 576 2309 ueteranum
592 2277 677 2319 renum,
695 2270 718 2308 ct
735 2261 814 2324 impti-

145 2326 195 2374 mis
202 2327 252 2389 egri
262 2325 359 2384 colendi,
370 2325 446 2373 studia
455 2334 572 2374 oenesmus
582 2341 655 2388 usque
665 2327 695 2373 ed
705 2325 814 2374 ultimum

146 2399 241 2454 tempus
257 2389 384 2438 senectutis.
409 2390 446 2437 M.
466 2389 560 2453 quidem
577 2389 696 2438 Valerium
713 2391 815 2438 Corvum

144 2456 277 2518 occepimus
291 2455 321 2504 ad
337 2455 487 2503 centesimum
503 2469 591 2502 ennum
605 2454 745 2517 perduxisse,
761 2469 815 2501 cum

144 2521 327 2580 macedium
341 2519 521 2582 oeteteinegris,
536 2533 620 2583 eosque
634 2519 732 2566 eolerett
749 2519 816 2578 cujus

144 2585 209 2632 inter
216 2585 318 2648 ptimum
326 2593 350 2632 et
357 2593 448 2632 sextuun
458 2584 611 2641 camerinum,
625 2598 665 2630 sex
681 2591 704 2631 et
717 2582 816 2645 quadre-

144 2648 214 2711 qints
232 2649 288 2698 nursi
304 2648 463 2700 interfluerum·
481 2647 564 2713 Itaque
584 2656 698 2712 quantum
712 2647 816 2711 spatium
