1856 2952
158 217 206 260 448
367 213 611 264 PHAENOMENA.

109 381 112 388 .
161 339 262 405 Corpore
273 343 378 391 semifero
387 317 472 406 niagno
482 343 635 406 Capricornus
645 342 670 388 in
681 341 758 388 orbe:

159 407 238 465 Quem
249 423 302 456 cum
314 419 423 472 perpetuo
433 409 523 455 vestivit
532 408 621 455 lumine
631 406 714 463 'litum
812 403 850 450 60

159 471 267 518 Brumali
278 473 369 522 flectens
379 481 512 536 contorquet
522 481 624 534 tempore
634 484 740 518 cursum.

160 535 213 582 Hoc
224 552 278 584 cave
289 547 311 584 tc
319 546 389 600 ponto
399 536 491 584 studeas
501 536 643 584 committere
652 549 736 581 mense
745 550 754 580 r

159 600 224 646 Nam
235 615 281 648 non
291 601 444 665 longinquum
455 602 555 664 spatium
565 601 643 647 labere
653 599 788 645 diurnum:

161 664 216 712 Non
228 665 323 713 hiberna
334 666 377 712 cito
388 667 490 713 volvetur
500 664 613 712 curriculo
623 679 685 710 nox:

161 727 269 776 llumids
279 745 324 776 non
336 746 382 777 sese
394 729 471 778 vestris
481 730 574 776 Aurora
584 727 682 791 querelis
807 726 842 772 65

161 793 241 856 Ocyus
252 794 361 851 ostendet,
373 794 428 842 clari
438 793 567 856 praenuntia
577 793 643 840 solis:
717 827 720 834 .

161 858 198 904 At
208 857 288 905 validis
300 873 378 920 equor
388 859 489 920 pulsabit
499 857 585 904 viribus
595 857 697 903 Auster:

161 920 226 967 'l'um
238 923 312 968 fixum
324 923 422 968 tremulo
433 923 548 985 quatietur
558 921 641 982 frigore
651 934 744 981 corpus.

161 984 206 1031 Sed
218 993 293 1032 temen
305 986 360 1031 anni
368 987 417 1046 jam
428 987 539 1032 labuntur
550 994 651 1046 tempure
661 992 718 1038 toto,

161 1048 259 1095 Nec-cui
270 1049 386 1110 signorum
398 1049 490 1106 cedunt,
502 1064 577 1112 neque
587 1048 681 1095 flamirte
690 1047 777 1104 vitant,
804 1046 839 1101 70

161 1111 212 1158 Nec
221 1121 329 1160 metuunt
339 1127 406 1161 canos
416 1113 533 1160 minitanti
543 1128 662 1160 murmure
671 1111 766 1158 fluctus.
813 1140 817 1150 ι

160 1176 242 1238 Atque
253 1177 322 1224 etiam
333 1193 424 1241 supero,
435 1179 489 1226 usui
499 1177 626 1241 pelagoque
636 1184 744 1238 vagatus,

161 1239 253 1300 Mense,
265 1243 427 1306 Sagittipotens
438 1243 491 1290 solis
501 1258 555 1289 eum
566 1241 662 1288 sustinet
671 1241 761 1288 orbem.

161 1304 226 1352 Nam
234 1307 283 1366 jem
293 1323 346 1354 cum
355 1307 431 1354 minus
440 1307 523 1370 exiguo
533 1307 576 1353 lux
586 1314 689 1367 tempore
695 1311 782 1366 presto
789 1311 836 1362 eet,

162 1368 216 1417 Hoc
227 1370 319 1434 signum
329 1372 421 1420 veniens
431 1378 538 1434 poterunt
547 1383 685 1432 prenoscere
693 1376 787 1414 neuter
808 1411 813 1418 .

162 1433 219 1480 dom
230 1451 301 1498 prope
314 1436 469 1499 precipitante
479 1435 556 1482 licebit
566 1434 637 1481 visere
648 1439 722 1490 noete,
800 1432 836 1486 76

163 1497 198 1544 Ut
209 1515 256 1547 sese
267 1499 386 1548 ostendens
397 1499 492 1562 emergit
502 1499 608 1561 Scorpius
619 1497 672 1554 alte,

161 1561 288 1610 Posteriore
298 1565 388 1612 trahens
399 1564 486 1612 flexum
497 1563 519 1611 vi
529 1562 627 1626 eorporis
637 1575 733 1608 ereum:

160 1625 179 1672 J
180 1641 217 1672 um
229 1642 298 1690 supra
309 1643 386 1676 cernes
396 1629 463 1676 Arcti
474 1634 542 1691 eaput
553 1642 600 1674 esse
610 1625 714 1679 minoris,
902 1637 903 1684 t

159 1688 193 1736 Et
204 1691 277 1752 mogis
288 1701 388 1738 erectum
399 1693 429 1738 ed
440 1705 559 1739 summum
570 1690 677 1738 versarier
686 1689 774 1736 orbem.
795 1687 830 1734 8⁰
902 1707 903 1750 t

160 1752 226 1800 Tum
237 1769 284 1800 sese
295 1753 368 1802 Orion
379 1765 427 1802 toto
436 1757 485 1816 jam
497 1770 589 1818 corpore
599 1754 676 1802 condit
902 1757 903 1760 ’

160 1815 273 1864 Extremi
283 1834 355 1882 prope
365 1831 439 1876 nocte,
451 1829 474 1867 et
485 1819 590 1883 Cepheus
601 1818 706 1866 conditur
716 1825 777 1874 unte,

160 1879 307 1929 Lumborum
317 1891 393 1941 tenus,
404 1900 419 1931 a
428 1883 526 1948 [primi]
539 1883 647 1946 depulsus
658 1881 687 1929 ed
697 1881 777 1928 undes-

160 1944 215 2003 Hic‚
227 1946 321 1994 missure
332 1962 422 2006 vacans,
433 1949 525 2011 fulgens
533 1950 593 2008 jacet
603 1961 651 1994 une
661 1946 757 2008 Sagitta,
902 1943 903 1976 t

159 2009 238 2067 Quam
250 2021 343 2075 propter
353 2013 427 2060 nitens
436 2013 511 2076 penui
522 2012 663 2060 convolvitur
672 2012 744 2059 Ales=
791 2009 825 2054 85
900 2015 903 2070 t

159 2073 193 2121 Et
203 2075 287 2122 clinatu
297 2078 370 2138 magis
381 2078 450 2140 paulo
461 2086 495 2123 est
505 2075 631 2139 Aquilonis
641 2075 670 2122 ed
681 2088 754 2121 auras·
772 2103 774 2108 ·

158 2139 195 2185 At
205 2149 297 2202 propter
308 2157 331 2188 se
341 2141 431 2204 Aquila
441 2141 529 2188 ardenti
539 2155 593 2187 eum
604 2155 696 2202 corpore
705 2144 786 2200 portat,

162 2201 291 2266 lgniferum
303 2207 406 2252 mulcens
415 2205 569 2252 tremebundis
580 2203 664 2250 ethera
674 2199 766 2266 pennis,¹

158 2267 214 2312 Non
228 2265 319 2332 [nimis]
332 2269 419 2332 ingenti
429 2285 483 2316 cum
494 2283 602 2332 eorpore3
614 2267 655 2314 sed
665 2281 733 2329 grave
740 2263 822 2312 mestis

159 2329 268 2378 Ostendit
278 2333 363 2390 nautis,
374 2335 509 2397 perturbans
520 2347 620 2396 equora,
629 2331 729 2394 signum.
790 2330 821 2376 90

158 2393 223 2439 Tum
234 2397 313 2457 magni
323 2412 406 2444 curvus
417 2397 550 2459 Capricorni
560 2410 653 2458 corpora
663 2403 754 2456 propter

158 2456 290 2519 Delphinus
299 2461 367 2519 jacet,
378 2461 441 2508 haud
452 2461 523 2507 nimio
533 2460 640 2506 lustretu'
647 2461 727 2516 nitore,

156 2520 243 2568 Praeter
253 2524 412 2586 quadruplices
423 2526 499 2571 stelles
509 2524 533 2570 in
543 2524 618 2570 fronte
628 2523 720 2579 locatas,

156 2583 222 2650 Quas
232 2586 378 2634 intervallum
390 2589 454 2636 binas
465 2587 607 2636 disterminet
617 2601 699 2633 unum.

154 2647 244 2695 Caetere
254 2665 305 2712 pars
317 2651 380 2708 lutet,
392 2667 419 2700 ee
430 2652 494 2700 tenui
504 2666 557 2698 cum
567 2651 656 2697 lumine
666 2648 741 2713 serpit
785 2651 815 2698 9⁵

152 2705 212 2767 Ille,
222 2728 274 2774 quae
285 2713 375 2777 fulgent
385 2716 448 2763 luces
459 2731 488 2763 ex
499 2729 538 2764 ore
547 2729 648 2772 corusco,
