1864 2958
143 179 190 228 sor
238 177 285 226 nn
302 157 459 238 osrrc'ns,
476 178 537 226 nn.
548 175 599 226 111.
616 175 680 228 css.
693 175 717 225 n.

143 305 246 370 undique
258 306 439 363 circumsomree
455 322 500 364 nec
508 321 553 366 cos,
565 306 584 354 si
594 305 643 354 fieri
652 304 733 370 posdt,
744 305 821 369 quid-

159 383 214 416 uom
228 369 292 418 eliud
305 370 391 418 sudire
418 370 490 430 Quod
500 385 554 418 cum
564 371 672 420 omnibus
682 379 717 418 est
726 369 820 418 sscien-

140 385 257 497 dnm,qui
264 433 462 483 sitnmhonestnm
471 434 560 497 ingredi
568 433 819 498 cogitent,tttmhsud

140 497 195 557 scio,
212 513 242 545 sn
259 499 346 546 nemini
362 499 447 562 potius,
462 513 534 561 quem
551 498 600 546 tibi
625 498 729 547 Sustines
748 499 817 546 enim

140 575 187 610 non
198 577 293 625 pcrrsm
304 563 494 626 exspectetionem
504 561 621 610 intende
629 562 749 610 industrie
758 577 817 610 nos·

139 636 190 684 tre,
201 641 311 690 magnam
320 626 442 686 honorum,
451 627 586 674 nonnullam
597 627 691 674 fortasse
701 625 814 674 nominis.

141 690 265 754 Suscepisti
274 699 524 756 onusproeteresgrsve
533 690 712 739 etAthensrum
722 699 746 736 et
754 689 816 738 Gro-

140 754 216 818 tippi3
233 755 263 802 sd
271 771 328 819 quos
335 770 397 814 cum,
407 763 526 818 tamquam
536 754 566 801 sd
576 763 728 802 merceturem
739 755 816 802 bons·

141 835 196 867 rum
213 819 306 879 ortium,
324 819 354 866 sis
370 819 492 882 proiectus,
510 818 603 866 inanem
620 818 693 866 redire
707 817 815 880 turpissi=

142 897 209 932 mum
221 881 311 946 [esst]
322 883 494 930 detestantem
505 891 528 930 st
538 883 602 930 urnis
613 882 780 940 accedentem,
789 891 814 930 st

141 947 252 1009 magistri.
285 947 372 1005 Quare,
394 955 508 1010 quantum
531 946 617 994 conniti
637 945 716 993 enimc
736 955 812 1009 potes,

139 1018 255 1074 qnantum
264 1011 342 1058 lsbore
352 1010 487 1058 contendere
498 1011 529 1064 (si
538 1010 639 1058 discendi
649 1011 714 1057 labor
724 1019 759 1058 est
767 1025 814 1072 po-

140 1073 813 1202 iiiffisshmiiiissiiiiiffliii?

140 1211 191 1251 tute
200 1202 243 1250 tibi
253 1202 352 1251 defuisse
361 1202 457 1251 videare
480 1202 705 1250 smhechactenus
728 1201 814 1251 Mults

140 1267 204 1315 enim
225 1281 284 1331 sepe
305 1267 335 1314 sd
355 1276 387 1327 te,
409 1266 542 1316 cohortmdi
561 1266 644 1329 grotii,
669 1266 811 1328 scripsimus.

140 1331 213 1379 Nunc
230 1331 260 1380 sd
276 1331 388 1395 reliquom
405 1340 493 1396 portem
507 1331 629 1395 propositis
642 1329 758 1378 divisionis
772 1341 813 1379 re·-

141 1404 264 1445 vertomur.
645 1425 647 1430 -
725 1435 728 1442 ,

173 1461 290 1508 Pentetius
299 1460 371 1524 igitur
384 1461 444 1524 (qui,
459 1461 508 1508 sino
517 1458 677 1520 controversii,
690 1459 719 1507 de
728 1458 811 1508 officiis

140 1525 308 1573 accuratissime
322 1525 454 1588 deputem,
473 1539 589 1588 quemque
605 1539 655 1582 nos,
674 1523 813 1572 surrectione

141 1589 243 1652 quidem
256 1585 368 1645 idhibiti,
376 1589 524 1662 potissimum
535 1588 606 1636 wenti
620 1597 719 1647 sumus),
734 1587 811 1636 tribus

139 1652 261 1715 generibus
274 1651 403 1714 propositus,
420 1653 445 1699 in
459 1653 545 1716 quibus
558 1652 682 1700 deliberare
695 1651 809 1712 homines,

139 1723 163 1763 et
180 1715 307 1764 constdtsre
324 1714 353 1762 de
366 1715 440 1764 officio
454 1717 565 1773 wlsrsnt3
583 1731 639 1775 unc,
652 1731 706 1764 cum
716 1714 810 1764 dubite-

138 1786 198 1836 rent,
209 1778 808 1855 honesmmneidessetdequosgerettrr‚entttrpe;

137 1843 218 1899 nitere,
229 1842 323 1901 utilene,
332 1856 362 1889 on
370 1843 467 1900 inutile;
479 1853 553 1904 terno,
565 1845 584 1892 si
594 1844 627 1903 id,
638 1844 701 1907 qnod
709 1857 809 1906 opocen

137 1905 232 1954 heberet
241 1905 338 1966 honesti,
356 1917 469 1970 pugnaret
478 1923 532 1956 cum
543 1923 570 1956 eo
581 1908 643 1972 quod
653 1908 711 1956 utile
720 1907 809 1956 videre·

137 1977 185 2028 tur,
197 1969 312 2033 quomodo
323 1985 349 2018 eo
363 1970 459 2020 discenti
474 1981 603 2035 oportsrote
619 1971 648 2020 de
662 1971 753 2020 duobus
767 1987 808 2034 ge-

137 2035 230 2082 neribus
250 2034 339 2098 primis,
361 2035 433 2084 tribus
454 2036 519 2084 libris
540 2051 569 2083 ex
584 2036 676 2083 liceritz
693 2035 722 2084 de
740 2035 808 2084 tertio

137 2107 216 2147 uitem
226 2112 308 2162 genere
318 2099 423 2162 deinceps
434 2116 457 2148 se
467 2100 556 2162 scripsit
583 2100 588 2111 '
688 2115 697 2155 ς
714 2113 756 2146 nec
766 2114 807 2147 ex-

136 2164 212 2222 solvit,
221 2161 284 2226 quod
293 2163 434 2225 promiserat
461 2163 531 2222 Quod
542 2178 569 2210 eo
579 2164 653 2225 magis
660 2163 739 2222 miror,
751 2163 807 2226 quis

137 2227 247 2290 scriptum
255 2241 269 2273 s
277 2226 388 2289 discipulo
396 2228 445 2287 ejus
454 2226 576 2274 Posidonio
587 2235 628 2284 est,
638 2227 732 2289 triginta
739 2226 806 2276 sune

136 2291 220 2338 vixisse
231 2291 369 2348 Pontium,
387 2299 536 2353 posteaquem
554 2303 591 2337 eos
606 2290 677 2338 libros
691 2290 803 2339 edidisset

137 2352 216 2411 Quem
226 2354 304 2400 locum
314 2353 385 2401 miror
394 2370 409 2401 e
420 2353 542 2401 Posidonio
553 2354 649 2400 breviter
659 2369 707 2402 esse
717 2361 804 2403 netum

134 2416 161 2464 in
171 2417 500 2478 quibusdsmcommentsriiss
511 2417 637 2480 presertim
647 2433 702 2466 cum
711 2419 804 2478 scribet,

134 2479 227 2553 nulinm
241 2494 289 2528 esse
302 2481 379 2528 locum
395 2479 421 2526 in
437 2480 486 2528 toti
502 2479 648 2544 philosophiis
665 2491 714 2529 tem
729 2496 805 2530 neces·

135 2557 228 2592 unum.
794 2575 797 2584 ,

165 2606 267 2653 Minime
277 2621 329 2654 vero
339 2606 448 2654 emendor
457 2605 493 2666 iis,
505 2607 546 2670 qui
556 2617 649 2670 negent,
660 2623 715 2656 eum
726 2609 803 2658 locum

133 2669 745 2734 sempiternorumscdconsultcsetictcm,
760 2687 803 2724 nec
