1862 2964
249 163 296 217 nn
312 137 470 230 ormena,
483 166 700 218 arneomai
757 167 805 216 ιιι

147 309 224 344 amare
238 295 345 354 divitim
361 297 420 345 nihil
432 299 557 357 honestius,
575 295 810 360 magniflcmtiusqne,

148 375 219 424 quam
229 362 350 424 pecuniam
361 370 512 422 contemnere,
527 362 606 409 sinon
620 361 720 418 habeas3
737 361 756 408 si
770 361 852 412 ba·
841 371 847 380 “

148 426 211 484 bees,
234 425 265 471 ad
285 424 458 473 beneficentiam
478 425 682 488 liberalitatemque
704 424 811 472 conferre.

148 486 257 536 Cavenda
271 498 305 536 est
319 489 388 536 etiam
403 490 482 552 gloria
498 489 617 570 mpiditas,
632 497 660 536 ιι
674 489 816 564 supradixi.

148 551 226 626 Eripit
243 552 305 600 enim
322 553 460 612 libertatem,
465 569 517 628 pro
531 553 579 617 qui
593 551 745 628 magnanimis
759 553 813 600 viris

148 615 224 663 omnis
234 616 301 664 debet
312 632 359 665 esse
373 617 493 666 contentio.
510 618 561 665 Nec
571 631 624 665 vero
639 617 735 679 imperia
745 631 815 679 espe-
832 659 834 662 ,

149 679 231 738 tenda,
237 681 369 743 capotius,
384 689 425 728 aut
439 696 485 730 non
496 679 626 744 accipienda
636 680 760 739 interdum,
772 689 813 728 aut

149 713 283 806 deponenda
293 751 467 809 nonnunquam.

182 807 320 856 Vacandum
334 817 412 856 autem
427 819 461 858 est
474 809 539 858 omni
552 809 624 856 anima
617 807 812 872 'perturbatione

148 879 202 920 tum
219 872 343 934 cupiditate
358 881 381 921 et
396 881 469 932 metu,
481 883 531 921 mm
548 873 617 920 etiam
633 872 814 936 aegritudineet

149 934 267 1010 voluptate
277 936 357 997 animi,
368 945 391 985 et
404 937 536 994 iracundii;
552 945 580 984 ut
590 937 742 1012 tranquillitas
750 945 773 983 et
780 952 814 984 se-

150 999 233 1046 curitas
244 999 309 1060 adsit,
322 1016 374 1063 quae
381 1001 454 1062 affert,
463 1018 516 1050 cum
523 1001 680 1060 constantiam,
687 1009 738 1048 tum
745 1001 814 1048 etiam

150 1062 293 1126 dignitatem.
311 1065 385 1113 Multi
401 1074 478 1114 autem
495 1075 518 1114 et
535 1074 588 1113 sunt
605 1074 627 1112 et
643 1065 745 1125 fuerunt,
763 1065 815 1128 qui,

150 1131 237 1191 eem(q
237 1143 292 1175 nam
306 1128 366 1187 dico)
381 1130 569 1192 tranquillitatem
582 1137 720 1192 expetentes,
734 1144 818 1192 aneg-

149 1190 204 1239 otiis
219 1192 316 1254 publicis
333 1209 356 1241 se
372 1194 516 1251 removerint,
531 1193 562 1240 ad
572 1193 690 1255 otiumque
708 1193 816 1267 perfuge·¹
821 1242 828 1254 ¹

151 1255 205 1302 rint.
222 1255 253 1302 In
263 1256 307 1315 bis,
316 1265 340 1304 et
349 1257 483 1305 nobilissimi
493 1257 622 1330 philqsophi
629 1257 742 1320 longeque
752 1257 815 1318 prin-

152 1319 221 1382 cipes,
233 1328 256 1367 et
266 1290 361 1398 qnidam
370 1321 474 1368 homines
485 1320 555 1368 severi
563 1329 678 1382 etgraves,
687 1335 728 1366 nec
736 1321 816 1382 popub

151 1397 194 1431 nec
207 1385 338 1447 principum
353 1400 427 1433 mores
440 1386 497 1432 ferre
509 1393 647 1464 potuerunt;
665 1383 816 1445 vixeruntque
865 1423 868 1428 .

151 1449 367 1523 nonnulliinegris,
379 1449 483 1497 delectati
493 1465 517 1496 re
525 1463 566 1496 sua
554 1447 685 1495 familiari.
703 1446 748 1492 His
754 1447 816 1494 idem

151 1512 293 1574 propositum
303 1513 357 1572 fuit,
366 1513 429 1576 quod
442 1513 541 1576 regibus,
553 1521 580 1559 ιι
589 1527 619 1560 ne
627 1511 674 1574 qui
681 1525 706 1556 re
716 1519 815 1572 egerent,

151 1589 182 1640 ne
192 1576 230 1624 eui
239 1584 352 1640 parerent,
362 1578 466 1627 libertate
476 1585 607 1633 uterentur3
624 1575 690 1637 cujus
696 1575 815 1638 proprium

152 1635 195 1698 est,
207 1640 239 1688 sic
248 1641 331 1700 vivere,
342 1649 370 1689 ιι
378 1641 440 1689 velis.

182 1704 256 1752 XXI.
272 1705 360 1780 Quare,
371 1720 425 1753 cum
435 1705 479 1753 boc
488 1719 610 1753 commune
620 1705 649 1754 sit
658 1703 765 1780 pooenfiae
776 1719 815 1752 cu-

150 1768 259 1880 pidorum
270 1783 324 1817 cum
331 1769 367 1830 iis,
379 1785 436 1833 quos
446 1769 504 1830 dixi,
512 1771 604 1827 otiosis,
615 1769 695 1817 alteri
691 1784 714 1816 se
722 1768 816 1832 adipisci

149 1832 176 1880 id
186 1847 251 1896 posse
255 1833 436 1894 arbitrantur,'
418 1849 437 1882 er
447 1849 605 1909 opesmagnas
615 1834 729 1890 habeant;
741 1833 815 1893 alteri,

152 1897 172 1944 si
186 1897 285 1946 contenti
299 1898 345 1945 sint
356 1906 379 1946 et
388 1913 438 1959 suo,
454 1906 477 1946 et
489 1912 573 1960 parvo:
591 1899 615 1945 in
626 1913 673 1961 quo
683 1906 817 1944 neutrorum

153 1961 248 2010 omuino
256 1962 420 2010 contemnenda
430 1969 464 2010 est
475 1961 599 2009 mutanda.
616 1961 658 2008 sed
668 1969 691 2008 et
698 1960 784 2008 facilior
795 1969 818 2008 οι

154 2025 233 2086 tutior,
250 2033 273 2074 et
288 2026 366 2074 minus
383 2026 433 2074 aliis
449 2023 524 2088 gravis
542 2034 583 2073 aut
600 2026 703 2083 molesta,
720 2024 767 2071 vita
783 2032 817 2071 est

153 2090 293 2147 otiosorum
303 2090 438 2138 fructuosior
446 2097 523 2136 antem
530 2088 651 2136 hominum
661 2086 746 2150 generi,
755 2095 778 2134 et
788 2087 818 2134 ad

153 2153 279 2202 claritatem
293 2153 514 2218 amplitudinenque
524 2153 606 2216 aptior,
617 2166 696 2199 comm
707 2151 747 2212 qui
758 2165 781 2198 se
789 2151 819 2208 ad

153 2218 320 2282 rempublicam
327 2226 351 2266 et
360 2218 390 2266 ad
400 2233 436 2266 res
442 2231 538 2293 magnas
545 2216 654 2280 gerendas
662 2214 818 2272 accommoda-

153 2291 242 2330 verunt.
266 2282 420 2347 Quapropter,
432 2292 455 2331 et
464 2281 491 2329 iis
501 2281 595 2329 forsitan
603 2279 770 2328 concedendum
781 2279 818 2339 sit,

154 2347 320 2422 rempublicam
334 2361 422 2396 nonca
500 2345 569 2406 tibus,
584 2344 637 2419 qui,
649 2343 767 2391 excellenti
783 2343 819 2390 in-

207 2427 230 2470 o,
247 2410 412 2460 docninoesese
438 2411 572 2467 ediderunt;
589 2408 658 2467 otiis,
669 2407 718 2470 qui,
730 2415 824 2459 autva·¹

165 2445 263 2524 etudinis
277 2465 439 2535 imbecillitate,
450 2484 490 2523 ιιι
500 2475 579 2538 aliqua
588 2472 690 2536 gratim
698 2471 766 2520 cansa
775 2470 820 2516 im·

155 2539 236 2602 pediti,
252 2556 267 2587 a
283 2540 399 2610 republica
414 2546 559 2596 recesserunt,
576 2553 629 2586 cum
647 2537 695 2597 ejus
712 2533 820 2581 adminie

155 2603 243 2650 trandoe
263 2603 397 2666 potestatem
418 2604 476 2661 aliis,
499 2602 656 2678 laudemque„
669 2597 820 2648 concederent.

154 2667 249 2744 Quibus
267 2675 344 2718 autem
358 2669 409 2717 talis
425 2637 489 2717 nulia
503 2668 533 2716 sit
546 2683 621 2728 causa,
639 2666 658 2715 ιι
672 2662 784 2726 despicere
798 2677 822 2710 ee
