1864 2958
269 141 323 189 DE*
333 135 547 203 SENECTUTB,
559 135 623 193 (ism
634 135 662 193 l)
746 141 800 202 3375

103 272 179 348 sirie,
193 269 378 318 adolescentulus
387 270 455 318 miles
461 271 574 334 proiectus
580 287 632 320 eum
640 274 671 321 ui
677 265 792 350 Capuam,

105 334 795 466 ffitbfflntttdttttpttttnitt

107 466 248 528 gistratum
270 462 328 524 gessi
349 463 479 511 oonsulibus
500 463 618 512 Tuditano
639 477 662 512 et
681 467 792 530 Cethego,

107 545 174 576 eum
187 527 286 590 quidem
296 527 343 584 ille,
355 526 480 574 admodum
491 541 568 586 senex,
580 545 658 576 suasor
667 531 724 592 legis
732 532 793 578 *crn-

110 593 159 642 eiae
166 593 199 638 de
208 591 275 638 donis
286 597 308 636 et
318 591 451 638 muneribus
460 591 512 638 fuit.
530 591 577 639 Hic
588 601 610 639 et
620 593 680 640 bella
690 597 790 656 gerebat,

111 665 144 704 ut
156 656 300 713 adolescens,
317 669 370 701 cum
385 655 454 716 plene
468 655 560 717 grandis
575 665 649 712 esset:
664 666 688 704 et
699 657 793 704 Hanni·

112 721 211 777 halem,
222 719 353 780 juveniliter
364 719 524 777 exsultantem,
532 720 642 782 patientii
650 721 692 768 sui
701 723 795 770 mollie-

111 787 159 834 bat
168 801 175 831 ε
195 783 226 830 de
236 798 283 846 quo
290 783 397 846 preclare
406 782 525 830 familiaris
531 793 607 832 noster
616 785 709 832 Ennius
718 802 725 834 ε

127 913 129 916 ·
153 899 172 926 “
184 897 264 955 Unus,
273 895 314 959 qui
324 895 389 944 nobis
400 897 527 945 ametando
536 897 634 946 restituit
644 913 706 946 rem·

127 1007 130 1014 ,
151 963 211 1009 Non
222 963 321 1023 ponebat
331 960 393 1008 enim
403 976 505 1010 rumores
514 970 567 1010 ante
578 962 684 1010 salutem.
730 957 738 970 '

154 1026 221 1088 Ergo
232 1025 351 1088 magisque
360 1025 479 1089 magisque
489 1026 532 1074 viri
542 1041 605 1074 nunc
614 1027 688 1089 gloria
695 1027 795 1074 ciarev&

121 1173 253 1221 Tarentum
263 1185 316 1218 vero
326 1170 373 1234 qula
380 1169 506 1234 vigilantii,
518 1186 565 1234 quo
575 1172 677 1231 oonsilio,
686 1173 787 1236 recepit!

123 1251 177 1285 eum
188 1236 291 1299 quidem,
307 1250 346 1281 me
360 1234 474 1293 audiente,
490 1237 620 1295 Salinatori,
638 1237 687 1298 qui,
696 1237 790 1284 'amisso
865 1277 870 1287 ,

124 1301 217 1364 oppido,
224 1300 314 1362 fugerat
324 1299 348 1345 in
357 1313 440 1354 arcem,
448 1299 562 1361 glorianti,
570 1307 639 1362 atque
648 1299 681 1346 ita
689 1300 788 1347 dicenu=

125 1368 143 1394 ‘⁶
153 1365 210 1412 Mea
217 1364 295 1426 operi,
302 1363 334 1421 Q.
346 1361 413 1420 Fabi,
425 1363 554 1410 Tarentum
560 1363 663 1426 recepisti
671 1363 695 1408 =’'
705 1366 723 1392 “
733 1363 789 1410 Ger-

126 1430 173 1487 te,’'
185 1428 260 1491 inquit
269 1427 361 1474 ridens:
378 1429 396 1455 ‘⁶
407 1439 471 1485 nam,
489 1427 534 1474 nisi
550 1434 576 1473 tu
591 1427 712 1484 amisisses,
727 1441 790 1473 nun-

126 1508 196 1556 quam
209 1491 366 1554 recepissem.'’
392 1491 444 1538 Nec
454 1506 507 1538 vero
522 1491 546 1537 in
557 1491 627 1538 annis
636 1490 798 1553 prestantius

127 1573 196 1620 quem
205 1557 229 1604 iu
238 1556 308 1619 tagi:
325 1555 374 1619 qui,
391 1556 469 1602 consul
479 1555 572 1612 iterum,
584 1555 624 1618 Sp.
634 1553 734 1602 Carvilio
741 1556 788 1602 ool-

127 1621 178 1684 legi
187 1621 321 1684 quiescente,
334 1619 361 1668 C.
377 1619 492 1667 Flaminio
507 1620 599 1668 tribuno
613 1619 695 1682 plebis,
711 1619 787 1681 quood

129 1685 208 1748 potuit,
219 1684 306 1742 restitit,
318 1699 399 1750 agrum
411 1684 528 1732 Picentem
537 1693 559 1732 et
571 1684 687 1732 Gallicum
700 1683 787 1731 viritim

130 1759 203 1798 contra
220 1752 309 1796 senatis
330 1749 488 1796 auctoritatem
509 1748 626 1796 dividenti.
655 1749 787 1811 Augurque

131 1829 181 1862 cum
191 1811 337 1869 essetdicere
344 1827 412 1860 ausus
422 1820 464 1871 est,
473 1812 565 1876 optimis
575 1812 680 1876 auspiciis
691 1828 718 1859 ea
728 1813 785 1876 gen',

132 1891 179 1940 qua
193 1891 233 1937 pro
248 1875 378 1936 reipublicae
392 1877 464 1922 salute
481 1886 627 1938 gementum
643 1892 696 1938 quae
709 1885 789 1924 contra

132 1937 288 2002 rempublicam
297 1937 418 1996 tenerur,
429 1947 507 1986 uonna
517 1939 617 2002 auspiciu
627 1940 688 1986 feni.
705 1939 787 1987 Multa

134 2005 159 2050 in
167 2017 190 2049 eo
201 2001 248 2048 viro
257 2001 366 2062 preclara
376 2002 485 2062 cognovit
503 2002 542 2049 sed
552 2002 611 2048 nihil
619 2010 653 2049 est
662 2003 788 2050 admirabi-

134 2067 182 2126 lius,
192 2077 259 2127 quam
271 2063 386 2126 quomodo
395 2064 435 2111 ille
444 2073 542 2111 mortem
553 2064 590 2110 M.
602 2065 644 2111 lilii
658 2065 719 2125 tulit,
731 2066 788 2112 cleri

135 2130 179 2188 viri,
190 2138 210 2176 et
219 2128 349 2176 consuleris.
374 2127 418 2174 Est
427 2127 452 2174 in
462 2128 569 2176 manibus
578 2128 698 2186 laudati03
714 2144 786 2194 quam
874 2171 877 2180 ,

135 2193 289 2255 eumlegimus,
298 2207 367 2256 quem
374 2191 536 2256 philosophum
544 2205 591 2239 non
598 2193 786 2240 contemnimus?

135 2259 179 2308 Nee
191 2272 239 2305 vero
254 2257 294 2304 ille
309 2257 334 2304 in
348 2257 399 2304 luoe
413 2257 482 2304 modo
496 2265 565 2320 atque
579 2257 603 2302 in
618 2255 690 2304 oculis
700 2255 785 2304 civium

134 2337 235 2385 magnum
252 2321 291 2369 sed
304 2322 367 2369 intus
380 2321 488 2385 domique
501 2320 651 2384 prestantior.
676 2319 725 2378 Qui
739 2337 786 2368 ser-

135 2387 182 2436 noi
202 2401 251 2460 que
268 2385 398 2450 precepta!
421 2394 508 2460 quante
528 2385 609 2432 notitia
625 2384 785 2448 unquentis!

137 2467 180 2515 que
188 2450 274 2498 mentia
282 2450 341 2512 juris
351 2450 458 2512 augunil
476 2450 557 2497 multu
571 2450 649 2508 etiam,
660 2458 687 2496 ut
701 2449 726 2496 in
742 2449 788 2496 ho-

137 2515 187 2562 mine
194 2514 303 2574 Romano,
314 2515 392 2564 literae.
409 2513 498 2562 Omnia
506 2512 617 2562 memorie
626 2515 725 2572 tenebat,
736 2527 783 2560 non
813 2537 817 2544 ·

138 2579 240 2628 domestice
258 2581 342 2638 solum,
360 2579 399 2627 sed
416 2580 486 2627 etiam
503 2588 598 2627 externa
615 2578 690 2626 belles
716 2579 791 2638 cujus

140 2643 263 2705 tmnoneite
272 2654 323 2692 tum
337 2645 419 2706 cupide
432 2645 533 2706 fruebar,
548 2643 614 2707 qussi
627 2643 679 2705 jun
693 2641 792 2690 duna—

165 2709 261 2770 tPliloa)
272 2721 335 2757 von.
349 2721 387 2755 ιν.
544 2713 587 2758 20
