1862 2964
148 145 197 192 2³2
247 145 294 194 DE
311 144 468 207 OFFICIIS,
485 147 545 206 Ista.
557 146 578 194 1.
596 146 659 194 Cle.
671 147 711 194 28.

148 272 219 333 enim,
231 275 294 338 quud
304 275 391 335 deueat,
402 275 427 326 id
437 283 488 323 tum
502 281 604 339 apparet,
616 289 670 322 cum
685 281 814 336 antegressa

147 346 182 384 est
191 337 303 386 honestas.
328 341 411 402 Itaque
421 353 467 386 non
482 340 557 388 solum
567 339 592 386 in
602 338 646 386 hac
656 347 720 402 parte
730 337 813 385 hones-

148 400 209 461 tatis,
220 401 249 449 de
260 403 307 466 qui.
317 403 360 450 hoc
370 404 420 452 loco
430 403 585 451 disserendum
597 411 639 461 est,
650 402 690 448 sed
705 403 775 449 etiam
788 401 812 447 in

147 465 221 512 tribus
236 467 398 529 superioribus,
413 468 470 542 quid
483 468 569 526 deceat,
586 474 687 530 apparet
710 466 776 512 Nam
791 473 814 512 et

146 529 233 594 ratione
243 531 278 578 uti
288 541 357 594 atque
367 539 468 579 oratioue
477 533 615 594 prudentert
632 539 654 577 et
664 545 738 592 agere,
750 528 814 603 guoti

148 607 211 654 agas,
223 595 376 653 considerem
393 595 502 658 omnique
515 595 539 642 in
554 611 587 650 re,
598 594 655 658 quid
669 593 699 641 sit
710 608 766 651 ven,
779 609 813 640 vt-
916 627 917 630 η

148 656 201 704 dere
212 667 234 706 et
244 661 304 707 tueri
314 659 392 708 deceta
410 668 532 721 contraque
542 657 600 717 falli,
611 673 694 717 errare,
704 657 761 717 labi,
772 655 812 703 de-

147 720 201 784 cipi,
213 732 261 770 tam
272 723 372 782 dedecet,
384 739 454 786 quam
464 723 568 781 delirare,
580 731 603 769 et
612 729 690 768 mente
700 737 748 768 esse
758 735 812 782 cap·

148 792 208 832 tum.
237 785 271 834 Et
282 789 345 847 justa
360 787 437 834 omnia
447 787 527 834 decora
541 794 609 842 sunt;
627 786 713 847 injusta
724 793 810 842 contra,

147 857 174 895 ut
184 851 269 913 turpia,
280 851 313 898 aie
321 851 434 898 indecora.
450 850 537 898 Similis
547 859 581 897 est
591 849 648 897 ratio
657 848 810 896 fortitudinis=

147 913 210 976 quod
220 914 282 960 enim
292 915 386 961 viriliter
396 914 518 977 animoque
529 926 614 976 magno
624 913 659 970 fit,
677 913 702 959 id
711 912 809 974 dignum

147 975 204 1034 viro,
216 977 356 1025 eedecorum
367 977 470 1025 videtur:
487 977 550 1042 quod
556 985 642 1038 eontra,
653 976 686 1038 id,
698 985 725 1024 ut
735 985 810 1040 turpe,

147 1038 180 1086 eie
189 1039 329 1087 indecorum.

178 1102 258 1160 Quare
267 1105 366 1166 pertinet
376 1105 469 1169 quiden
479 1105 508 1152 ad
516 1119 609 1152 omnem
616 1104 758 1152 honentatem
765 1103 810 1151 hoc

146 1166 220 1228 (quod
230 1167 290 1227 dico)
301 1169 425 1217 deeorumz
443 1179 466 1216 et
475 1170 508 1216 ita
517 1169 623 1232 pertinet,
634 1176 661 1216 ut
675 1183 721 1215 non
732 1182 810 1215 renon-

146 1229 195 1277 dito
212 1231 313 1294 quidam
330 1233 417 1280 ratione
434 1242 546 1292 cematur,
565 1233 604 1280 sed
622 1232 652 1280 ait
668 1233 693 1280 in
708 1241 810 1297 promtu.

146 1293 191 1342 Est
205 1296 266 1343 enim
282 1296 401 1361 quiddam,
415 1297 485 1359 idque
499 1296 634 1359 intelligitur
647 1297 672 1343 in
686 1295 751 1344 omni
764 1295 816 1342 vir·¹

145 1368 204 1418 tute,
216 1359 279 1422 quod
289 1361 382 1418 deceatt
399 1361 461 1424 quod
471 1361 606 1424 cogitatione
617 1359 692 1423 magis
702 1376 716 1406 a
726 1359 811 1406 virtute

145 1425 478 1537 ἔὲῗὲἕᾛῗὲΐῗξὲ
502 1423 810 1536 Uttttttnttt

145 1550 189 1598 hoc
200 1505 292 1616 (legii)
300 1554 427 1616 loquimur)
437 1505 553 1611 demiuom,
565 1559 640 1599 totum
648 1551 707 1600 illud
714 1520 810 1628 quidem

143 1621 179 1722 iii
189 1629 243 1686 eum
254 1615 336 1664 virtute
346 1615 483 1673 confusum
500 1616 540 1664 sed
554 1624 631 1664 mente
641 1623 664 1664 et
674 1614 810 1680 cogitatione

179 1684 212 1722 tm
247 1678 298 1727 'tun
442 1697 443 1700 ¹
478 1695 481 1698 ·
579 1707 581 1710 -

175 1693 306 1788 Estgiiiitam
317 1745 366 1804 ejus
377 1743 496 1807 deeetiptio
506 1744 599 1806 duplex.
623 1743 688 1792 Nam
702 1751 725 1791 et
739 1757 809 1806 gene·

143 1803 191 1850 eale
205 1804 321 1866 quoddam
334 1806 443 1856 decorum
456 1807 613 1870 intelligimus,
627 1806 690 1871 quod
703 1807 728 1855 in
744 1805 808 1855 omni

143 1865 261 1915 honestate
271 1879 387 1928 vasaturt
405 1880 428 1919 et
441 1872 513 1932 aliud,
527 1872 582 1920 huic
596 1873 733 1932 subjectum,
744 1870 807 1945 quod

142 1930 240 2004 pertinet
253 1932 284 1980 ad
298 1933 400 1996 singulas
412 1945 487 1998 partes
500 1934 630 1983 honestatis.
652 1936 734 2000 Atque
747 1933 806 1981 illud

142 2009 246 2056 eupenus
264 1996 296 2044 sie
314 1998 362 2046 fere
376 1999 466 2047 deliniri
482 2000 553 2047 soleta
576 2000 693 2047 Decorum
708 1998 733 2046 id
749 2013 804 2056 esse,

142 2059 205 2132 quoti
220 2069 396 2110 consentaneum
412 2062 553 2111 sithominis
567 2063 714 2124 excellentie,
729 2062 754 2108 in
769 2077 804 2120 eo,

142 2137 167 2168 111
184 2139 231 2186 quo
247 2133 329 2174 natura
343 2129 392 2188 ejus
405 2143 420 2174 a
433 2127 526 2190 reliquis
540 2127 694 2176 animantibus
708 2125 803 2173 differet.

142 2185 204 2245 Qua
217 2197 295 2238 autam
309 2206 361 2252 pare
376 2191 478 2252 subjecta
491 2190 568 2253 generi
582 2200 624 2249 est,
636 2203 687 2238 eam
702 2190 734 2238 sic
748 2189 803 2236 defi-

141 2249 217 2310 niunt,
233 2261 260 2299 ut
275 2252 300 2302 id
314 2253 421 2303 decorum
437 2270 484 2302 esse
499 2255 578 2313 velint,
594 2255 656 2317 quod
670 2255 703 2301 ita
716 2263 804 2301 naturae

140 2324 316 2364 consentaneum
327 2318 364 2377 sit,
376 2318 437 2368 utin
448 2334 474 2366 eo
484 2318 608 2392 mpderatio
621 2328 644 2366 et
654 2317 804 2381 temperantia

139 2387 411 2492 ⁸pilaiiiltilciimHsiicecitit
414 2381 662 2506 ‹ilpffi'lpppsrpilnmm
671 2461 801 2508 possumus,

138 2517 168 2548 ex
184 2518 210 2550 eu
225 2503 305 2552 decoro
321 2508 383 2570 quod
398 2509 471 2570 poetae
487 2516 629 2570 sequuntur3
651 2509 680 2556 de
711 2524 741 2556 uo
757 2509 802 2556 alio

133 2567 186 2614 loeo
195 2567 263 2629 plura
273 2568 318 2618 diei
328 2572 408 2619 solent
430 2571 476 2620 Sed
487 2578 538 2619 tum
548 2586 636 2621 servare
650 2525 711 2620 illui
723 2572 802 2636 poetae
