1864 2958
233 115 454 190 odorricus,
471 129 531 178 ms.
543 129 592 179 111.
610 128 674 178 cn.
688 129 725 176 ιι.
764 127 812 176 roo

145 253 194 302 suti
201 252 286 318 potius,
297 257 395 316 obscuri,
406 258 484 318 astuti,
495 257 589 316 fsilscis,
600 256 716 316 malitiosi,
728 255 814 312 callidi,

144 319 286 379 veteratoris,
295 320 365 368 vafri:
378 321 428 369 hoec
438 329 472 368 tot
479 331 502 369 et
512 322 557 369 siin
564 323 639 386 pluro,
650 335 725 369 nonne
733 319 814 367 inutile

146 391 190 440 est,
202 383 310 430 vitiorum
321 384 397 432 subire
407 385 519 434 nomino?

179 446 252 494 XIV.
268 446 340 506 Quod
350 447 369 494 si
379 449 522 512 vituperandi
537 458 598 507 sunt,
610 449 651 512 qui
664 449 811 506 reticuerunt,

146 509 205 571 quid
215 510 244 558 de
254 510 282 558 iis
289 511 467 560 existimandum
476 522 517 572 est,
526 513 567 576 qui
575 513 682 560 orationis
689 511 813 559 vanitatem

146 573 321 624 adhibuerunt?
339 576 366 624 C.
376 576 470 637 Canius,
483 592 551 640 eques
562 577 691 636 Romanus,
702 591 744 623 nec
753 574 813 622 infe«

146 645 219 697 censs,
230 647 254 686 et
264 639 318 687 setis
326 639 438 703 literatus,
449 657 503 690 oum
514 641 560 688 seS
631 656 674 699 sus,
681 638 768 687 otiandi
777 642 813 692 (nt

146 699 280 812 :Ependicere
290 704 385 763 solebst)
394 720 441 754 non
448 655 664 769 negoosnfflst,
673 701 812 760 contulisset,

195 765 274 825 'tobes
286 783 310 816 se
320 769 423 818 hortulos
432 770 522 833 sliquos
532 769 591 817 velle
603 783 686 827 emere,
697 782 744 831 quo
754 765 814 812 invi-

148 833 197 876 idre
213 831 306 892 amicos,
324 842 347 880 et
365 834 406 882 ubi
424 850 448 882 se
466 835 577 882 oblectere
596 833 644 880 sine
659 833 707 879 inte
778 838 814 877 to-

147 893 220 954 ribus,
235 904 317 958 posset.
340 896 411 956 Quod
427 914 481 947 cum
494 898 664 962 percrebuisset,
680 897 716 970 Py
744 894 749 905 '
793 893 814 941 ei

147 957 253 1021 quidum,
271 960 313 1034 qui
330 963 481 1024 orgentsrimn
499 962 582 1010 faceret
601 963 726 1025 Syracusis,
745 958 813 1018 dixit,

147 1021 239 1070 venales
250 1023 344 1098 quidem
357 1041 380 1073 se
394 1026 471 1074 hortos
485 1041 532 1074 non
545 1026 637 1086 hebere,
652 1025 692 1074 sed
702 1024 769 1072 licere
779 1021 814 1072 uti

147 1085 230 1146 Canio,
242 1102 262 1134 ιι
271 1088 346 1148 vellet,
358 1097 385 1136 ut
395 1090 456 1138 suis:
474 1099 497 1138 et
509 1089 579 1138 simul
593 1089 622 1137 sd
637 1103 724 1137 coensm
738 1085 814 1134 homi-

147 1164 203 1198 nem
213 1150 238 1197 in
248 1151 325 1200 hortos
335 1152 440 1200 invitavit
448 1153 473 1201 in
484 1163 600 1217 posterum
610 1153 679 1201 diem.
701 1153 763 1200 Cum
774 1150 814 1198 ille

147 1213 295 1276 promisisset,
306 1225 358 1264 tum
368 1217 467 1280 Pythius
478 1217 530 1281 (qui
542 1226 608 1277 esset,
623 1225 650 1264 ut
663 1215 812 1279 srgmtarius,

149 1277 213 1340 opud
230 1293 310 1328 omnes
320 1280 410 1329 ordines
420 1282 542 1344 gratiosus)
552 1281 672 1344 piscatores
683 1279 713 1327 sd
723 1295 747 1326 se
760 1293 814 1326 con-

149 1342 247 1402 vocavit,
265 1352 288 1391 et
297 1346 327 1392 ab
337 1345 373 1392 his
386 1345 475 1410 petivit,
486 1353 513 1393 ut
524 1353 576 1392 ente
587 1360 639 1392 suos
649 1343 752 1392 hortulos
762 1357 815 1406 pos·

143 1405 216 1454 tridie
231 1406 387 1470 piscarentur:
404 1409 516 1474 dixitque,
533 1408 590 1484 quid
606 1424 643 1456 eos
653 1408 727 1455 fecere
737 1405 812 1452 vellet.

149 1471 192 1518 Ad
202 1485 290 1520 ooensm
301 1482 403 1536 tempore
412 1473 475 1522 venit
485 1474 586 1522 Gsnrusz
603 1472 696 1536 opipare
706 1486 720 1517 s
731 1469 816 1532 Pythio

148 1544 441 1666 structure
452 1533 817 1666 subducturus·

151 1663 220 1726 pedes
231 1664 310 1727 Pythii
320 1666 391 1729 pisces
402 1667 572 1728 objiciebantur.

182 1727 247 1775 Tum
255 1728 349 1789 Canius,
360 1731 455 1790 Quaeso,
466 1731 550 1794 inquit,
561 1729 618 1794 quid
626 1737 660 1777 est
666 1729 719 1788 hoc,
728 1724 816 1790 Pythi?

150 1797 272 1840 munimus
286 1793 393 1856 piscium,
408 1803 528 1842 unurmne
543 1796 698 1858 cymbarum?
720 1791 754 1839 Et
768 1789 816 1852 ilie,

151 1855 217 1914 Quid
227 1857 330 1905 mirum?
345 1858 428 1923 inquit.
446 1859 499 1906 Hoc
509 1859 558 1906 loco
569 1868 610 1918 est,
622 1855 739 1922 Syracusis
749 1853 818 1918 quid-

151 1919 209 1982 quid
219 1929 254 1968 est
263 1921 375 1984 pisciums
393 1923 442 1970 haec
452 1923 559 1986 aquatio:
576 1922 619 1969 hac
630 1921 686 1969 vult
696 1920 733 1968 isti
743 1933 819 1966 cerere

151 1998 199 2032 non
209 1993 311 2048 possum.
336 1987 446 2034 Incensus
456 1986 543 2034 Canius
557 1984 689 2048 cupiditste,
703 1981 819 2031 contendit

152 2063 167 2095 s
185 2047 280 2112 Pythio,
296 2058 324 2096 ut
339 2050 452 2097 vaderet.
477 2050 577 2097 Grsvote
592 2048 632 2095 ille
647 2047 729 2110 primo.
752 2045 819 2104 Quid

150 2111 246 2161 multa?
264 2113 386 2177 impetret:
401 2113 457 2161 emit
471 2113 542 2160 homo
557 2111 654 2175 cupidus
671 2119 694 2158 et
708 2109 818 2171 locuples,

151 2177 218 2236 tenti,
239 2177 320 2240 quenti
338 2177 437 2242 Pythius
455 2177 543 2232 voluit3
566 2185 589 2224 et
607 2175 664 2223 emit
680 2174 817 2221 instructore

150 2240 246 2288 nomine
266 2241 336 2289 t'scit:
362 2241 480 2305 negotium
502 2241 598 2289 coniicit
626 2237 714 2286 Invitat
732 2236 819 2284 Canius

151 2305 260 2367 postridie
270 2306 393 2354 fsmilisres
403 2321 463 2354 suos.
485 2304 557 2353 Venit
573 2305 621 2368 ipse
636 2311 733 2350 mature.
757 2301 819 2348 Scal-

150 2383 218 2416 mum
229 2369 321 2417 nulium
332 2369 399 2418 videt.
416 2368 507 2429 Quaerit
514 2385 542 2416 ex
550 2368 657 2432 proximo
668 2366 751 2424 vicino,
761 2379 819 2412 num

152 2431 215 2480 ferie
233 2433 340 2496 quedem
358 2434 496 2497 piocstorum
513 2441 595 2491 essent,
612 2430 674 2496 quod
691 2445 728 2478 eos
744 2427 821 2475 nullos

152 2495 245 2544 videret.
271 2497 351 2545 Nullo
367 2498 439 2561 (quod
455 2498 544 2556 sciam,
561 2497 637 2560 inquit
652 2495 706 2543 ille:
727 2491 820 2540 sedhic

153 2574 236 2672 w
245 2561 306 2608 nulli
316 2561 403 2610 solent:
421 2562 498 2625 iusque
508 2562 557 2609 heri
572 2561 680 2618 mirabar,
692 2557 748 2624 quid
764 2555 821 2604 acci-
922 2549 923 2573 ¹

246 2625 388 2674 Stomsehmi
398 2626 491 2675 Genius.
515 2625 561 2675 Sed
576 2623 633 2690 quid
646 2624 747 2672 moeret?
763 2621 821 2668 non'-
