1864 2958
162 159 209 214 814
252 163 299 214 De
316 160 752 227 0FF10118,n1u.111.cus.18.

903 232 904 260 l

161 297 293 352 nascuntur,
305 302 332 342 ut
342 293 409 343 utilis
419 311 473 344 cum
481 295 580 343 honestis
591 307 696 358 pugnare
706 285 861 342 videent'ur.
903 291 904 300 ¹

166 356 259 415 Quotus
270 359 332 406 enim
350 359 448 424 quisque
458 360 590 423 reperietur,
602 359 651 422 qui,
662 357 826 422 impunitate
841 365 864 404 et

161 419 303 534 ignopetione
320 424 425 472 omnium
442 424 566 488 propositi,
578 422 691 472 abstinere
708 423 796 486 possit
820 424 859 470 in-

162 485 210 547 juri
234 492 245 536 i
903 477 904 506 ³

196 551 298 602 XVIII·
315 551 482 611 Periditemur,
494 552 513 600 si
524 553 607 616 placet,
618 552 643 598 in
650 551 678 598 lis
689 549 799 614 quidem
813 567 858 598 ex·
903 589 904 592 ,

165 618 297 681 emp1n‚in
330 619 399 667 uisus
411 617 499 682 peccas
509 617 592 680 vulgus
609 616 735 664 somnum
749 616 857 663 somme
903 599 904 666 l

166 696 213 730 non
223 692 297 746 putet.
350 697 408 746 eque
418 683 480 730 enim
491 679 519 728 de
529 681 622 739 sicariis,
638 680 759 740 veneticis,
778 689 855 726 testa·
903 717 904 722 ,

166 749 293 808 memoriis,
302 748 400 805 furibus,
412 745 588 810 peculatoribus,
601 744 645 792 hoc
660 745 711 791 loco
728 743 855 791 disseren-
903 751 904 766 ¹

167 810 224 859 dum
232 821 280 869 est3
298 811 339 875 qui
347 825 394 858 non
402 811 476 859 verbis
484 819 538 858 sum
544 816 567 856 et
577 807 733 872 disputatione
740 809 853 871 philoso-

166 877 275 939 phorum,
287 877 327 924 sed
337 875 434 922 vinculis
445 883 467 921 et
478 889 573 932 carcere,
588 873 716 935 fatigandis
735 871 780 919 sed
797 873 851 920 haec

168 940 343 998 consideremus,
352 952 406 1001 quse
416 939 503 985 faciunt
514 939 539 996 ii,
551 937 592 1001 qui
606 937 721 984 habentur
731 937 802 983 boni.

209 1004 277 1052 Lucii
290 1003 390 1050 Minucii
403 1001 485 1060 Basili,
497 1001 615 1076 locupletis
631 999 742 1058 hominis,
755 999 849 1048 falsum

167 1075 329 1116 testamentum
341 1067 436 1128 quidam
453 1082 466 1114 e
481 1065 571 1114 Graecri
582 1066 684 1113 Romam
695 1065 846 1113 attulerunt:

166 1131 229 1196 quod
239 1146 286 1194 quo
296 1130 385 1179 facilius
396 1131 531 1190 obtinerent,
546 1129 680 1192 scripserant
687 1129 793 1176 haercdes
809 1145 846 1177 se·

168 1211 223 1244 cum
234 1195 271 1242 M.
284 1195 393 1243 Crassum
405 1194 470 1254 etQ.
486 1193 767 1252 Hortensiumhomines
781 1195 845 1255 ejus·

168 1259 223 1311 dem
242 1260 314 1308 etatis
331 1260 513 1324 potentissimos;
539 1258 588 1322 qui,
608 1273 661 1306 cum
678 1257 738 1304 illud
754 1256 843 1305 falsum

168 1341 216 1374 esse
227 1325 459 1389 suspicerentur,sibi
472 1332 549 1372 eutem
565 1321 652 1370 nullius
668 1329 742 1370 essent
757 1321 843 1370 conscii

169 1391 251 1454 curpae,
263 1390 332 1438 alieni
348 1389 454 1437 facinoris
467 1387 630 1436 munusculum
641 1401 688 1433 non
705 1386 841 1448 repudiave-

168 1463 229 1502 runt.
258 1454 323 1514 Quid
340 1453 409 1518 ergo?
427 1453 502 1500 seti'n'
513 1453 557 1500 hoc
567 1458 609 1508 est,
621 1458 705 1499 utnon
717 1450 839 1513 deliquisse

169 1519 308 1568 videantur?
326 1517 389 1564 Mihi
405 1515 499 1581 quidem
510 1531 557 1565 non
572 1515 678 1572 videtum
695 1529 837 1578 quemquem

169 1581 268 1629 alterum
285 1581 360 1629 amavi
378 1580 465 1639 vivum,
477 1582 575 1628 alterum
593 1595 639 1626 non
657 1579 695 1626 odi
711 1586 836 1626 mortuum.

170 1645 224 1702 Sed,
238 1659 291 1692 cum
308 1645 402 1692 Basilus
417 1643 454 1691 Μ.
472 1645 582 1704 Satrium,
599 1644 680 1691 sororis
697 1642 779 1701 filium,
794 1657 836 1689 no-

169 1723 223 1756 men
235 1723 303 1756 suum
314 1708 373 1756 ferre
384 1707 499 1768 voluisset,
512 1723 611 1772 eumque
619 1707 707 1755 fecisset
716 1705 833 1766 heredem,

171 1775 188 1802 ⁸⁶
200 1769 272 1818 Hunc
283 1771 333 1818 dico
351 1780 475 1835 patronum
493 1773 543 1834 egri
561 1771 639 1820 Piceni
653 1781 676 1820 et
690 1770 791 1830 Sebini,'’
809 1773 834 1824 (o

170 1843 261 1898 turpem
270 1843 349 1882 notem
356 1845 486 1900 temporum
492 1835 585 1883 illorum
592 1837 611 1894 l)
618 1851 675 1884 num
682 1843 730 1882 eret
736 1848 830 1898 equum,

169 1899 283 1964 principes
294 1899 352 1947 cives
363 1915 411 1947 rem
422 1899 514 1957 hebere,
526 1901 556 1947 ed
567 1899 669 1948 Satrium
680 1899 745 1957 nihil,
756 1907 831 1962 preter

171 1977 264 2023 nomen,
279 1965 417 2027 pervenire?
441 1965 544 2024 Etenim,
556 1965 576 2012 si
586 1963 614 2024 is,
627 1963 668 2028 qui
681 1977 727 2010 non
737 1961 830 2012 defendit

171 2028 289 2090 injuriam,
301 2044 376 2092 neque
387 2029 505 2092 pmpulset
516 2045 530 2076 a
541 2027 596 2086 nris,
604 2043 657 2076 cum
662 2035 745 2091 potest,
753 2028 829 2088 injuste

168 2094 225 2142 fecit
241 2096 277 2148 (ut
296 2091 320 2140 in
336 2094 411 2156 primo
426 2094 485 2142 libro
503 2091 617 2152 disserui),
630 2092 704 2157 qualis
721 2091 828 2138 habendus

172 2166 206 2206 est
221 2157 302 2221 is,qui
318 2173 364 2204 non
375 2158 444 2206 modo
456 2173 502 2206 non
518 2156 616 2220 repellit,
629 2157 668 2204 sed
685 2157 751 2204 etism
768 2155 826 2216 edJu·

172 2229 211 2269 vet
229 2221 356 2282 injuriam?
377 2222 440 2268 Mihi
455 2221 548 2286 quidem
564 2221 633 2268 etiem
646 2232 705 2267 verae
720 2219 826 2266 heredite-

171 2293 205 2332 tes
216 2300 262 2333 non
271 2287 372 2334 honeste
382 2285 496 2344 videntur,
508 2285 527 2332 si
538 2285 583 2332 sint
593 2283 711 2331 malitiosis
722 2283 825 2331 blanditiis

171 2347 307 2407 officiorum,
326 2365 373 2396 non
397 2350 499 2408 veritate,
516 2349 556 2396 sed
581 2347 731 2406 simulatione,
753 2347 824 2410 quesi-

171 2419 208 2458 tae.
236 2412 321 2474 Atqui,
337 2413 361 2460 in
378 2411 462 2460 talibus
477 2414 553 2466 rebus,
565 2411 628 2458 eliud
643 2411 701 2458 utile
714 2411 823 2468 interdum,

172 2473 236 2521 eliud
261 2475 393 2534 honestum,
422 2476 494 2524 videri
516 2476 578 2523 solet.
614 2475 698 2522 Falso:
722 2487 770 2520 mm
789 2487 822 2520 eo-

171 2535 225 2584 dem
235 2537 349 2596 utilitatis,
360 2556 413 2604 quae
427 2538 560 2597 honestatis,
574 2547 608 2586 est
622 2537 707 2601 regule.
730 2536 772 2595 Qui
784 2537 821 2584 hoc

170 2614 216 2676 non
230 2601 360 2664 perviderit,
380 2605 409 2650 ab
427 2603 470 2650 hoc
488 2603 553 2650 nulle
571 2602 634 2649 fraus
649 2601 727 2658 aberit,
743 2601 819 2646 nullum

168 2661 264 2711 foenus.
289 2665 327 2712 Sic
342 2667 404 2742 enim
415 2667 525 2728 mgitens,
539 2668 556 2695 “
568 2665 612 2713 list
622 2666 681 2714 istuc
691 2663 774 2738 quidem
783 2663 818 2711 ho·
