1856 2952
151 147 199 194 tto
358 143 603 194 PHAENOMENA.

151 273 231 338 Atque
238 291 254 324 u
282 289 312 322 ue
322 290 336 322 a
346 273 414 338 proris
424 273 454 322 ad
464 273 551 322 celsum
561 273 610 320 sine
621 271 719 322 lumine
733 274 855 332 malum,

151 339 175 385 Α
185 339 248 387 melo
295 339 394 402 puppim
403 338 464 386 dart
474 353 527 385 eum
537 338 589 384 luce
599 336 699 384 videtur.
800 339 852 386 136

151 402 210 450 lnde
220 405 394 466 gubernaclum,
405 401 507 465 disperso
516 401 605 448 lumine
616 399 724 464 fulgens,

152 467 215 515 Clari
226 468 350 531 posteriora
360 467 429 514 Canis
439 466 535 527 vestigia
545 464 628 512 tondit

152 531 216 579 Exin
227 541 339 583 semotam
349 531 438 594 procul,
446 531 471 576 in
482 538 578 592 tutoque
588 529 698 587 locatam,

153 595 326 643 Andromedam
338 605 414 644 tamen
426 593 546 656 explorans
556 594 605 640 fers
615 609 720 656 quarere
731 594 834 642 Pistrix

153 661 242 723 Pergit,
250 669 272 708 et
282 676 355 722 usque
366 659 433 706 sitam
439 657 525 706 validas
534 657 655 720 Aquilonis
663 657 695 704 ad
701 674 779 706 auras
790 661 839 707 141

153 724 245 772 Coerula
256 724 352 786 vchat
361 723 427 770 linita
436 723 461 768 in
471 722 575 784 partibus
587 721 674 768 Austri.
779 769 781 774 ,
795 767 799 774 ,

153 789 223 836 Hanc
234 789 302 835 Aries
313 788 376 850 tegit,
388 796 411 834 et
421 801 543 848 squamoso
556 801 648 849 corpore
659 785 751 846 Pisces,

154 853 269 900 Fluminis
279 851 373 898 illustris
384 859 515 912 tangentem
526 865 617 912 corpore
627 849 696 912 ripas.

154 918 263 979 Namque
273 916 342 962 uiam
353 914 483 962 Eridanum
493 929 571 961 cernes
580 914 604 961 in
615 923 679 976 parte
688 915 800 964 locatum

153 981 220 1038 Coeli,
232 980 347 1026 funestum
358 978 448 1040 magnis
458 993 512 1024 cum
524 979 609 1026 viribus
620 993 722 1038 amnem,
779 983 830 1029 146

153 1045 230 1102 Quem
242 1043 348 1106 lacrymis
358 1051 444 1089 moestae
455 1043 606 1090 Phaethontis
616 1058 675 1105 saepe
685 1059 776 1094 sorores

153 1109 298 1170 sparserunt,
309 1107 382 1154 letum
392 1106 497 1153 moerenti
507 1122 561 1154 voce
572 1115 683 1155 canentes.

155 1173 226 1220 Hunc
235 1171 328 1220 Orionis
338 1173 382 1221 sub
392 1171 450 1218 taevt
460 1186 551 1218 cernere
561 1171 641 1234 planti

154 1238 287 1300 Serpentem
298 1236 398 1299 poteris;
415 1250 553 1298 proceraque
563 1235 637 1282 vincla
647 1235 741 1295 ridebis,
773 1240 822 1290 150

155 1301 216 1359 Quae
226 1301 323 1349 retinent
335 1300 418 1357 Pisces,
429 1299 553 1346 caudarum
564 1309 628 1362 parte
637 1300 718 1360 locata,

155 1365 265 1413 Flumine
274 1365 348 1414 mima
358 1373 417 1411 retro
427 1363 456 1411 ad
469 1363 570 1411 Pistricis
580 1371 644 1426 terga
654 1367 740 1414 reverti.

155 1429 204 1482 liic
214 1429 262 1477 und
272 1429 338 1476 stellis
348 1437 476 1488 nectuntur,
488 1443 559 1490 quam
567 1427 623 1488 jacit
633 1445 662 1476 ex
673 1445 696 1477 se

155 1493 256 1542 Pistricis
266 1494 332 1556 spina
342 1492 417 1540 validi
427 1507 480 1540 cum
490 1491 541 1539 luce
551 1492 674 1554 refulgens.
893 1504 894 1560 l

153 1557 246 1605 Exinde
257 1558 346 1619 exiguae
356 1556 420 1603 tenui
430 1571 483 1604 cum
493 1555 582 1603 lumine
592 1558 680 1618 mrdtae,
766 1564 810 1612 155
893 1569 894 1616 ὲ

154 1619 217 1668 Inter
228 1621 347 1668 Pistricem
357 1621 415 1667 fusce
425 1636 560 1683 sparsaque,
572 1620 684 1669 videntur.
735 1665 740 1672 ,
893 1625 894 1630 ’

151 1685 216 1732 Ante
226 1683 399 1747 gubernaclum,
411 1684 490 1744 stelle,
501 1699 558 1747 quas
567 1686 666 1748 contegit
676 1689 745 1737 omme

152 1747 289 1798 Fennidans
298 1763 373 1795 acrem
380 1762 482 1796 morsum
491 1747 583 1810 Lepus:
595 1749 631 1796 bis
639 1765 711 1814 neque
718 1768 803 1817 numm,

152 1813 177 1860 N
179 1827 204 1859 ec
214 1811 312 1859 fonnem
323 1819 408 1858 veteres
418 1821 503 1859 certam
514 1813 616 1861 statuisse
627 1815 734 1866 videntur.

152 1875 225 1933 Nem,
237 1892 289 1939 quae
299 1875 410 1923 sideribus
420 1876 486 1923 daris
496 1887 577 1924 natura
586 1878 674 1941 polivit,
760 1886 802 1935 160
892 1909 894 1920 ι

151 1941 185 1988 Et
195 1941 257 1988 vario
267 1939 343 2003 pinxit
353 1941 495 2002 distinguens
503 1941 590 1989 lumine
600 1943 692 2004 formes,

153 2005 211 2054 Hac
219 2006 258 2053 ille
269 2014 380 2054 astrorum
391 2014 466 2052 custos
477 2005 562 2053 radone
571 2007 665 2066 neunt,

151 2070 269 2134 Signaque
280 2070 377 2132 signavit
387 2070 484 2116 colestia
493 2069 584 2118 nomine
592 2086 659 2119 vero:

152 2134 203 2181 Has
213 2143 300 2192 autem,
309 2150 361 2196 quae
372 2141 425 2180 sunt
435 2149 505 2197 parvo
515 2149 568 2180 cum
578 2135 665 2184 lumine
673 2136 733 2199 fusa,

151 2198 271 2246 Consimili
282 2198 355 2261 specie
365 2198 449 2257 stellas,
459 2197 569 2260 parilique
578 2198 658 2260 nitore,
755 2207 796 2255 165

151 2262 176 2308 N
178 2277 207 2308 on
218 2261 293 2324 potuit
303 2263 368 2309 nobis
379 2262 433 2309 noti
443 2262 527 2310 clarere
538 2262 616 2324 figura.

47 2353 56 2368 t
150 2325 252 2381 Exinde,
263 2325 397 2372 Australem
407 2325 468 2373 soliti
478 2341 547 2389 quem
557 2326 628 2375 dicere
639 2328 730 2389 Piscem,

149 2389 258 2440 Volvitur
267 2389 360 2437 inferior
370 2389 508 2452 Capricorno
518 2405 591 2438 versus
599 2390 628 2438 ed
640 2393 750 2454 Austrum,

147 2453 269 2500 'Pistricem
277 2455 405 2512 observans,
416 2454 496 2516 procul
505 2453 550 2501 illis
561 2455 662 2504 Piscibus
672 2457 753 2508 hauns

148 2515 185 2561 At
195 2532 265 2580 prope
276 2517 398 2580 conspicies
408 2526 510 2580 expertes
520 2518 615 2566 namium
626 2534 702 2568 omnes
750 2525 790 2582 170

149 2576 214 2630 Inter
225 2581 343 2628 Pistricem
355 2589 377 2628 et
388 2582 478 2628 Piscem
489 2597 558 2644 quem
571 2582 670 2632 diximus
680 2585 758 2648 Austri,

147 2641 230 2718 Stellas
242 2645 284 2692 sub
295 2644 391 2708 pedibus
402 2653 483 2694 straus
493 2645 597 2694 radiantis
607 2646 708 2716 Aquari¹⁴
