1856 2952
122 29 170 88 rso
316 21 563 102 rhenonum),

118 154 141 203 Ε
153 155 237 218 quibus
247 153 336 218 ingenti
346 152 435 202 exsistit
445 166 498 198 cum
509 164 610 214 corpore,
621 163 670 212 prae
678 161 702 196 se
743 149 796 202 437

119 220 226 283 Scorpius
236 219 331 267 infestus
342 226 483 281 praeportans
493 214 569 262 flebile
579 227 683 261 acumen.

119 283 167 330 Hic
177 283 253 330 valido
264 282 346 346 cupide
357 291 478 329 venantem
488 278 586 342 perculit
596 277 652 334 ictu,

120 347 386 396 Mortiferuminrenes
397 346 469 408 figens
480 359 520 406 per
530 344 626 390 vulnera
636 342 716 389 virus:
743 343 796 390 440
825 339 829 344 '
909 323 913 330 ⁴

120 409 166 459 me
177 413 241 475 gravi
252 413 351 460 moriens
362 409 484 458 constravit
494 422 586 470 corpore
598 415 689 454 terram.

119 476 207 534 Quare,
220 491 273 524 cum
285 475 376 538 magnis
387 489 435 522 sese
446 474 515 534 Nepa
525 471 616 518 lucibus
627 471 701 531 effert,

120 540 195 588 Orion
205 541 297 604 fugiens
308 538 453 588 commendat
463 552 557 600 corpore
567 535 639 582 terris.

120 603 184 652 Tum
196 621 249 653 vero
259 605 320 668 fugit
330 601 497 657 Andromeda3
515 609 538 648 et
549 601 670 662 Neptunia
681 600 770 649 Pistrix

121 669 184 716 Toto
193 671 266 728 latet5
283 669 342 717 cedit
353 682 460 716 oonverso
471 680 563 728 corpme
576 663 692 727 Cepheus,
741 667 792 712 445

120 734 245 782 Extremas
255 733 332 781 medio
342 732 475 794 contingens
486 744 578 792 corpore
589 739 666 778 tenes

121 798 168 845 Hic
179 807 248 862 caput
259 808 281 846 et
292 812 385 861 superes
396 795 455 859 potis
466 804 500 842 est
510 795 640 856 demergere
650 802 741 857 partes:

121 861 199 910 Iniere
208 864 341 910 lumborum
353 875 474 923 nunquam
485 858 607 906 convestiet
617 860 717 906 umbre:

121 926 186 973 Nem
197 927 295 973 retinent
305 925 381 984 Arcti,
392 925 514 972 lustrantes
524 922 614 969 lumine
622 939 693 970 suras.

121 990 220 1038 Labitur
230 991 270 1037 ills
280 990 359 1048 simul,
371 997 450 1040 natam
460 989 588 1051 lacrymose
598 987 726 1049 requirens,
744 989 793 1035 450

120 1054 250 1116 Cassiopen,
262 1069 345 1116 neque,
357 1069 386 1100 err
397 1053 452 1100 eoelo
462 1051 566 1114 depulsa,
582 1051 660 1098 decore

121 1117 204 1165 Fertur
213 1136 220 1165 r
237 1133 293 1166 nam
304 1133 367 1164 verso
378 1115 512 1178 contingens
523 1114 605 1168 vertice
615 1115 721 1178 primum

121 1181 213 1240 'l‘errsm
225 1192 277 1245 post
287 1181 399 1242 humeris,
411 1180 489 1236 eversi
499 1179 561 1238 sede,
572 1179 676 1228 refertur.

120 1245 189 1294 Hanc
199 1247 234 1294 illi
244 1247 349 1295 tribuunt
359 1260 451 1309 poeuem
463 1243 574 1292 Nereides
584 1244 668 1300 rhum

120 1311 182 1358 Cum
193 1311 278 1374 quibus
290 1313 328 1376 (ut
337 1307 469 1374 perhibent)
481 1324 537 1356 ause
552 1317 586 1358 est
597 1309 734 1358 contendere
744 1308 792 1357 for·

217 1376 264 1423 mir.
648 1399 654 1410 ι
743 1377 792 1420 455

122 1439 181 1488 Haec
191 1440 239 1488 obit
247 1440 371 1488 inclinate:
389 1447 413 1486 at
423 1454 476 1502 pers
486 1446 565 1492 ¹exorto
576 1437 673 1486 Comnae
684 1446 718 1486 est

59 1561 61 1566 ,
120 1504 216 1560 Alteras
234 1520 288 1552 cum
299 1504 418 1567 condique
427 1504 503 1551 omnis
511 1504 561 1563 jem
572 1503 682 1566 panditur
690 1501 783 1566 Hydra.

120 1568 156 1615 At
166 1578 236 1632 ceput
246 1579 269 1616 et
279 1577 354 1616 totum
365 1584 413 1616 sese
423 1567 552 1618 Centaurus
562 1567 640 1632 opacis

120 1632 198 1696 Eripit
208 1648 221 1680 e
232 1633 338 1691 tenebris,
349 1632 456 1696 linquens
466 1630 561 1694 vestigia
571 1647 642 1694 parve

122 1696 271 1760 Antepedum
282 1705 398 1744 contecto:
414 1697 484 1744 simul
496 1705 546 1742 tum
557 1695 648 1743 lumine
657 1696 756 1760 pendit:

121 1761 175 1824 Ipse
185 1760 258 1807 serem
268 1759 350 1808 dextri
360 1760 449 1808 retinet
467 1759 598 1808 Prolebitur
608 1760 663 1808 inde
741 1761 786 1807 461

119 1824 281 1899 Anguitenens
298 1824 372 1888 capite
382 1833 405 1872 et
415 1824 537 1872 menibus:
554 1824 641 1888 profert
650 1825 723 1873 simul
737 1826 793 1872 An-

120 1953 177 2000 Jam
186 1962 263 2016 ceput,
270 1962 293 2001 et
300 1968 418 2001 summurn
426 1954 521 2002 flexode
528 1969 621 2018 corpore
628 1953 715 2003 iumen.

120 2017 170 2065 Hic
180 2017 220 2076 ilie
229 2018 330 2066 exoritur
341 2033 447 2072 converso
457 2034 484 2068 oo
525 2033 550 2066 re
561 2019 649 2079 Nixus,

120 2083 218 2138 Alvum,
230 2098 304 2141 crure,
315 2083 431 2141 humeros,
439 2083 482 2130 sim
517 2091 540 2130 et
547 2083 671 2146 precordia
678 2084 793 2143 lustrans,

119 2146 154 2204 Et
163 2146 245 2194 dextris
255 2147 329 2194 radios
337 2146 390 2194 leto
400 2162 454 2195 cum
464 2147 553 2199 lumine
565 2149 660 2209 jactans.
740 2151 793 2196 466

122 2210 183 2258 Inde
194 2210 356 2274 Sagittipotens
366 2227 460 2275 superas
470 2211 584 2260 convisere
594 2212 657 2260 luces

122 2274 219 2331 Institit,
231 2286 253 2321 et
263 2274 347 2338 mergit
357 2274 417 2324 Nixi
427 2284 513 2338 ceput3
531 2284 553 2322 et
563 2275 634 2324 sintul
644 2275 709 2324 effert

121 2341 176 2386 Sese
186 2338 246 2385 clera
254 2338 331 2395 Fides,
343 2347 365 2386 et
375 2339 460 2402 promit
470 2347 561 2402 pectore
571 2339 684 2403 Cepheus.

120 2401 232 2449 Fervidus
242 2402 281 2450 ille
292 2403 362 2454 Canis
373 2411 420 2454 toto
433 2418 487 2450 oum
498 2419 590 2466 corpore
601 2404 677 2460 nedit3
739 2405 790 2459 470

120 2465 224 2517 Abditur
235 2464 325 2522 Orion3
339 2467 388 2514 obit
396 2475 419 2514 et
429 2467 509 2531 Lepus
520 2467 611 2516 abditus
621 2468 720 2526 umbri;

124 2528 235 2578 Inferiore
245 2530 330 2580 cedunt
341 2530 436 2594 Aurige
446 2531 536 2581 lumine
545 2531 620 2596 lapsu.
