1852 2966
181 95 607 160 nn‚n1v1NAT10un,n1s.1L
615 99 729 150 cusos
754 101 786 152 93

120 232 247 274 aimundo
264 226 409 278 divinationis
425 236 520 287 exstare,
537 223 713 291 potestautm,
731 241 786 278 eum
849 253 851 260 ⁴
901 227 902 240 ¹

120 288 173 351 quis
184 289 346 342 divinationem
356 291 447 349 habeat,
456 307 529 340 errare
539 292 670 356 aliquando,
681 307 786 340 neo—vera

120 366 228 410 uernam
246 355 299 402 satis
315 364 357 414 est,
376 355 406 403 nd
421 353 599 404 confirmandum
615 355 785 414 divinationem,

121 418 193 468 semel
207 418 296 480 aliquid
311 419 344 466 ita
358 435 405 467 essa
418 419 555 478 divinatum,
571 419 630 468 nihil
645 428 672 467 ut
693 420 786 467 dormito

121 479 227 528 cecidisse
243 482 352 530 videauu.
377 485 436 531 Sunt
452 492 530 530 autem
548 485 597 544 ejus
613 483 701 546 generis
717 483 786 530 innu-

120 546 248 630 meflffbffl'·
277 546 336 594 Esse
352 546 424 610 igitur
441 546 612 606 divinationum,
631 547 786 595 eonfitendum

155 671 246 720 Festive
268 682 291 720 et
304 674 408 722 breviter.
433 674 486 733 sed,
502 689 556 725 cum
572 674 608 723 bis
624 674 706 721 sumsit
722 673 786 736 quod

122 735 211 792 voluit3
228 737 317 785 etiamsi
330 738 407 786 faciles
421 753 463 786 nos
479 739 509 786 ad
527 737 696 786 eoncedendum
712 738 786 785 habu·
825 781 828 790 ,

122 799 173 858 erit,
189 799 215 846 id
229 810 315 859 tamen,
330 802 392 865 quod
405 801 508 862 assumit,
527 802 619 850 oonoedi
637 803 701 849 nullo
718 801 788 849 modo

122 872 204 924 potest.
223 867 240 892 ‘⁶
247 865 298 922 Si,’'
309 866 393 928 inquit,
411 869 428 894 “
439 866 563 929 aliquando
572 866 632 914 oculi
643 874 743 928 pensent,
752 875 787 913 ta-

120 928 327 1052 ΞὲἓᾱῖἭ
339 929 787 1056 iqffldtii‘iitsdiisii'

121 1055 190 1129 etiam
210 1071 263 1103 cum
277 1066 366 1167 Kato,
377 1011 463 1106 qumeo
480 1057 644 1106 existimandus
658 1058 687 1106 sit
704 1009 787 1106 habiri

120 1134 168 1173 vnn
182 1119 275 1166 divinan
294 1121 299 1131 ¹
310 1122 326 1144 ''

129 1221 131 1226 .
152 1182 226 1230 11111.
243 1183 313 1244 Vide,
330 1201 415 1248 queso,
431 1185 539 1260 Cratippe
554 1199 637 1242 noster,
653 1201 724 1249 quam
738 1185 786 1234 sint

120 1245 165 1298 isa
175 1247 274 1295 similis:
292 1263 346 1296 nam
361 1249 419 1296 mihi
433 1265 479 1298 non
494 1249 607 1298 videntur.
630 1249 701 1297 Oouli
715 1250 786 1306 enim,

120 1326 174 1374 pera
184 1320 308 1372 cernentes,
320 1322 417 1360 utuntur
430 1315 513 1362 natnri
527 1321 595 1376 atque
606 1327 688 1360 sensu:
706 1313 786 1368 animi,

120 1374 245 1437 siquando
255 1377 291 1423 vel
302 1378 443 1426 vaticinando
459 1379 495 1426 vel
509 1376 643 1424 somniando
658 1391 711 1423 vera
725 1375 788 1424 vida-
886 1419 887 1422 ,

120 1447 184 1498 nunt,
196 1440 233 1487 usi
244 1449 298 1496 sunt
307 1441 399 1490 fortuni
408 1451 477 1506 atque
488 1457 548 1490 essu.
566 1440 619 1487 Nisi
628 1440 687 1487 forta
697 1453 788 1488 mnoas-

122 1519 187 1552 suros
197 1503 240 1550 tibi
250 1503 365 1552 existimas
376 1521 421 1564 sos,
433 1507 474 1569 qui
489 1505 578 1552 somnia
591 1520 633 1568 pro
644 1504 737 1551 somniis
746 1503 789 1550 ha-

121 1568 186 1626 bent,
195 1567 315 1630 siquando
321 1569 413 1633 aliquod
420 1569 535 1618 somnium
543 1584 622 1617 verum
629 1568 731 1627 evaserit,
741 1582 787 1616 non

121 1631 147 1684 id
157 1631 252 1679 fortuito
263 1632 373 1680 aocidusa
396 1633 442 1681 Sed
451 1633 532 1680 demus
543 1633 584 1680 tibi
594 1633 647 1680 istas
657 1633 714 1680 duas
725 1647 788 1680 sum·

122 1695 195 1749 tiones
215 1699 260 1753 (ea,
277 1711 330 1757 qum
347 1703 459 1754 Δημματα
476 1697 591 1758 appellant
605 1697 730 1744 dinloodois
747 1695 788 1744 sod

122 1773 164 1812 nos
172 1758 257 1806 Latine
308 1759 332 1806 ui
342 1759 468 1817 malumus)
477 1777 483 1805 ι
501 1760 609 1808 assumtio
620 1769 696 1810 tamen
708 1764 789 1823 <quam
853 1783 860 1798 ν

124 1824 258 1884 Προσληψιν
269 1821 286 1868 ii
303 1837 339 1870 em
350 1831 441 1881 vocant)
451 1837 497 1870 non
509 1823 607 1871 dabitur.

127 1935 130 1944 p
156 1884 264 1933 Assumit
274 1895 351 1934 autem
362 1887 486 1949 Cratippus
495 1888 539 1936 hoc
546 1887 629 1934 modo:
648 1889 665 1916 “
677 1887 738 1934 Sunt
747 1903 789 1934 au-

124 1957 172 2006 tem
185 1949 362 1998 innumerabiles
376 1951 535 2013 prosensiones
549 1965 594 1998 non
609 1950 731 1998 fortuitos.'’
753 1952 790 1998 At

125 2029 169 2075 ego
191 2012 242 2059 dion
263 2014 359 2061 nullam.
388 2011 456 2072 Vide,
477 2023 562 2078 quanta
583 2014 612 2061 ait
632 2015 788 2062 oontroversia.

124 2078 192 2134 dam,
204 2077 342 2124 assumtione
356 2092 403 2124 non
415 2079 527 2135 concessi,
543 2077 607 2124 nulla
621 2077 734 2125 conclusio
748 2087 789 2126 est.

124 2143 161 2196 At
176 2140 321 2204 impudentes
338 2157 426 2198 sumus,
444 2142 492 2204 qui,
511 2157 563 2188 cum
580 2149 628 2187 tam
644 2142 789 2204 perspicuum

124 2205 163 2262 sit,
174 2219 221 2251 non
233 2204 389 2252 concedmus
406 2205 471 2262 Quid
482 2213 516 2252 est
529 2204 693 2272 perspicuum?
710 2205 791 2253 Multa

124 2285 186 2325 vera,
195 2268 279 2330 inquit,
289 2267 388 2316 evadere.
405 2268 479 2327 Quid,
487 2269 549 2332 quod
555 2269 628 2315 multo
635 2267 703 2330 plura
712 2269 789 2317 falsa?

125 2333 212 2381 Nonne
222 2331 272 2394 ipsa
283 2333 387 2390 varietas,
399 2349 450 2396 quse
461 2341 494 2379 est
504 2332 595 2394 propria
604 2332 709 2388 fortuna,
718 2332 791 2379 fortu-

124 2412 180 2444 nam
196 2411 244 2442 asae
259 2412 359 2456 causam,
374 2411 420 2443 non
434 2406 549 2454 naturam,
563 2396 646 2444 docet?
663 2395 790 2454 Deinde‚si

124 2473 166 2518 tua
176 2461 220 2508 ista
230 2460 353 2518 eondusio‚
369 2460 485 2523 Cratippe,
502 2475 554 2508 vera
568 2468 610 2516 est,
626 2463 711 2512 (tecum
728 2459 790 2506 enim

123 2525 183 2572 mihi
206 2538 242 2572 res
262 2531 305 2583 est)
321 2537 397 2572 nonna
411 2524 527 2586 intelligis,
544 2523 623 2572 eidem
639 2523 674 2570 uti
689 2537 754 2585 posse
768 2529 794 2570 et
