1864 2958
217 147 266 210 ob
282 145 438 222 ormena,
450 161 510 212 nn.
523 161 573 211 111.
590 161 655 212 cta
666 163 689 210 r
738 159 784 216 eoi

112 284 177 339 tudo
188 301 242 336 cnm
252 289 499 354 illieomparandaest
516 291 638 350 munim,
645 289 787 353 requiescent

114 365 133 397 a
142 350 276 414 reipublice
285 355 445 417 pulcherrimis
454 355 597 415 muneribus,
608 356 682 404 otium
693 353 737 402 eibi
747 367 786 400 eu·

116 417 200 462 mebat
209 417 347 482 aliquando;
365 427 474 466 etecoetu
484 419 606 467 hominum
613 417 787 480 frequentiaque

103 477 245 540 ‚inter-dum,
257 491 377 546 tamquam
387 482 412 530 in
420 492 522 546 portum,
530 499 553 530 aa
563 483 588 530 in
596 482 741 530 solitudinem
752 495 787 527 re·

116 541 226 604 cipiebnt.
243 546 357 594 Nostrum
367 555 446 594 autem
459 547 534 594 otium
548 546 633 610 negotii
643 546 729 609 inopii,
740 558 788 590 nou

116 607 276 668 requiescendi
286 611 370 670 studio,
379 611 528 658 constitutum
538 619 579 658 eat.
595 610 716 658 Exstincto
724 607 787 656 enim

115 680 210 731 matu,
226 673 351 738 deletisque
365 675 466 737 iudiciis,
481 674 538 738 quid
553 682 595 735 eet,
611 674 673 737 quod
689 673 787 735 dignum

118 735 438 789 uobiacutinmriiautiu
452 737 721 802 t'oroegerepoarimna?
739 736 787 782 lta·

118 813 175 861 que,
205 801 229 848 ui
239 801 264 848 in
275 801 617 867 meximioelebritateatquein
626 799 789 850 oculiecivium

118 877 184 925 quon
250 865 359 928 viximm,
370 882 432 918 nuno
442 866 556 930 fugientea
563 878 710 930 compecmm
720 863 790 914 ruele-

119 936 233 988 nurum,
255 931 340 993 quibua
358 931 437 980 omnia
454 931 592 991 nedundant,
614 929 721 978 abdimus
737 943 788 987 noe,

118 1004 236 1054 quantum
246 994 307 1055 licet,
319 1003 342 1043 et
352 1011 411 1059 sepe
422 996 464 1044 ooli
474 1009 561 1044 eumua
585 993 639 1052 Sed,
650 994 706 1059 quia
716 993 748 1041 sic
758 993 788 1039 ab

118 1054 254 1106 hominibus
271 1059 343 1106 doctis
360 1059 498 1123 accepimus,
515 1075 562 1108 non
579 1059 655 1108 colum
674 1074 704 1106 ex
720 1055 788 1104 malie

119 1119 204 1182 eligere
216 1123 313 1170 minima
322 1132 433 1186 oportere,
445 1123 485 1170 eccl
495 1123 564 1171 etiam
578 1138 697 1186 excerpere
712 1137 741 1170 ex
751 1120 787 1170 hie

120 1183 218 1246 ipsiasi
233 1187 290 1250 quid
304 1187 386 1236 mearet
396 1187 466 1242 boni;
483 1196 602 1250 pmpteree
616 1195 640 1234 et
653 1187 699 1234 otio
715 1186 788 1244 fruor,

120 1261 169 1296 uon
180 1248 220 1298 illo
231 1250 333 1314 quidem,
345 1267 392 1315 quo
406 1251 488 1299 debeat
502 1251 522 1298 ie
552 1251 578 1298 ui
607 1251 709 1300 nondam
719 1265 788 1312 pepe-

119 1311 187 1363 risset.
197 1313 271 1362 otium
281 1315 381 1372 civitafic
398 1330 441 1363 noc
454 1329 506 1362 eam
554 1267 666 1362 'ruinam
680 1315 789 1375 languere

120 1377 205 1439 patior,
216 1393 288 1442 quam
298 1379 357 1427 mihi
367 1378 433 1427 affert
442 1378 569 1437 necessitas,
578 1392 625 1425 non
636 1378 748 1425 voluntas.
778 1421 781 1432 ,

155 1441 306 1506 Qimmquam
317 1443 442 1495 Africanus
455 1444 567 1503 majorem
582 1441 676 1490 laudem
686 1441 723 1488 vel
737 1455 789 1489 mco

118 1505 207 1566 judicio
218 1510 393 1572 eeeequebctura
410 1507 476 1556 nulla
485 1507 548 1555 enim
556 1507 605 1567 ejua
619 1505 706 1569 ingenii
716 1505 791 1554 moni-

122 1580 202 1619 menta
219 1571 424 1631 mandantem,
443 1571 536 1620 nullum
554 1586 612 1635 opua
630 1569 680 1630 otii,
697 1569 791 1618 nullum

123 1634 252 1683 solitudinis
272 1651 358 1684 munus
380 1644 467 1684 exstat:
485 1649 514 1683 ex
536 1650 582 1698 quo
600 1633 698 1697 intelligi
714 1633 790 1694 debet,

122 1697 193 1746 illum
214 1701 297 1750 mentia
317 1701 449 1764 agitatione,
471 1699 688 1762 investigationeque
711 1713 792 1748 ecmm

124 1777 202 1810 rerum
221 1779 278 1826 quas
294 1764 415 1828 cogitando
431 1766 619 1828 consequebatur,
635 1778 677 1812 nec
692 1762 792 1812 otiosum

124 1841 167 1874 nec
178 1827 253 1876 solum
264 1843 368 1892 unquam
377 1827 454 1880 suinae·
471 1829 522 1877 Noa
532 1836 618 1889 autem,
630 1828 671 1902 qui
684 1842 730 1876 non
741 1836 792 1876 tan·

122 1898 178 1938 tum
188 1892 274 1940 roboria
284 1893 404 1952 hebernus,
415 1902 443 1941 ut
457 1893 592 1956 cogitatione
604 1892 674 1942 taciti
687 1907 702 1940 a
712 1891 792 1940 colitu-

125 1954 181 2002 dine
194 1957 362 2017 absumamur,
373 1957 404 2004 ed
418 1957 477 2004 banc
492 1957 604 2004 scribendi
617 1970 711 2019 operam
724 1970 793 2006 omne

124 2018 229 2066 studium
240 2035 364 2084 curamque
374 2020 534 2068 convertimus.
559 2021 642 2082 Itaque
652 2017 719 2081 plura
729 2017 793 2068 bravi

127 2089 237 2157 tumre,
243 2085 329 2145 evasi,
339 2097 410 2148 quam
417 2083 498 2135 muna
503 2082 578 2143 anun,
585 2090 659 2134 aona
666 2081 792 2145 apione,

126 2161 267 2272 saiiimstii:
282 2227 336 2260 cum
351 2219 399 2260 tota
412 2209 564 2284 philosophia,
577 2209 612 2283 mi
623 2208 710 2269 Cicero,
721 2189 794 2272 frugiss

128 2275 207 2326 teraet
217 2275 341 2336 fructuoea,
352 2290 394 2322 nec
402 2275 511 2338 ullaparo
521 2273 665 2335 eJuarnculta
674 2287 700 2320 ec
708 2272 795 2324 deserte

129 2340 173 2397 rit3
191 2348 242 2388 tum
253 2339 331 2387 nullus
340 2339 434 2388 smacim
448 2338 473 2386 in
484 2337 512 2386 ei
521 2338 584 2386 locut
598 2346 632 2385 eet
644 2351 686 2384 nec
696 2338 795 2400 uberior,

131 2419 201 2470 qnam
215 2403 244 2452 de
254 2403 341 2463 officiis,
357 2419 372 2451 a
382 2403 467 2467 quibua
477 2410 604 2450 constanter
613 2401 752 2465 honeeteque
762 2403 796 2450 vi·

14 2507 21 2516 .
41 2497 44 2501 -
131 2467 198 2517 vendi
205 2476 318 2531 precepta
326 2467 448 2516 ducuntur.
465 2467 553 2526 Quare,
564 2480 729 2529 quamquama
739 2466 796 2516 era-

131 2531 195 2596 tippo
211 2540 297 2592 nostro,
314 2531 416 2595 principe
431 2531 501 2591 hujus
518 2529 634 2578 memorie
650 2531 797 2593 philoropho·

131 2612 193 2657 nim,
209 2595 259 2644 hac
272 2605 296 2644 te
309 2595 398 2644 assidue
412 2595 491 2643 cudire
503 2593 682 2658 atqueaccipere
691 2594 796 2652 conlid03

132 2669 211 2712 umen
225 2659 351 2710 conducere
361 2660 465 2721 arbitror,
476 2659 560 2712 obbia
570 2674 638 2708 aurea
646 2665 698 2708 tuae
708 2658 801 2714 vocibus
