1858 2946
130 143 163 191 dd
190 133 739 202 nsDIViNAT10N1u111n111.cloto.

128 269 323 319 immolestum
337 278 394 330 eret,
406 268 469 334 quod
481 281 523 333 ego
537 283 584 318 non
598 271 664 318 rebar
673 284 739 334 posse
749 267 796 316 dis-

128 335 193 382 solvi.
214 335 251 382 At
264 349 336 399 quem
350 335 430 383 festive
441 335 585 382 dissolvitur!
604 335 680 382 Pudet
690 349 736 392 me,
748 349 796 382 non

128 399 164 446 tui
180 399 274 462 quidem
290 401 366 460 (cujus
382 400 452 446 etism
469 399 603 447 memoriam
620 397 739 456 admiror),
755 396 796 445 sed

129 463 261 526 Chrysippi,
273 463 400 527 Antipatri,
413 463 539 523 Posidonii,
550 463 592 527 qui
601 463 663 510 idem
674 463 732 509 istuc
743 461 796 525 qui-

127 527 182 574 dem
190 527 277 588 dimne
285 529 347 592 quod
355 537 389 576 est
394 527 482 575 dictum
488 543 503 574 a
509 537 539 586 te,
549 527 578 574 sd
588 527 686 574 hostiam
693 526 795 588 deligen-

128 591 183 666 dpm
193 591 276 640 ducem
286 607 334 640 esse
344 593 392 640 vim
400 592 525 655 quemdam
537 592 670 668 sentientem
680 598 750 654 etque
760 590 797 637 di·

128 656 629 783 Jmfflplhptepotffipssctpnffinppffls’uguod
639 727 662 768 et
672 735 687 766 e
696 727 720 766 te
727 734 795 766 usur·

128 793 210 848 petum
221 794 263 844 est,
275 793 298 832 et
312 785 395 832 dicitur
409 787 438 832 ab
452 784 515 840 illis3
532 799 586 832 cum
600 784 720 830 immolare
731 783 796 847 quis-

127 849 191 961 ss
418 912 795 960 nn,

127 991 206 1039 perere
222 929 306 1024 oiimid.
332 977 392 1024 Hoec
401 929 455 1037 Iinm
473 947 541 1029 (mitri
558 977 633 1036 crede)
650 991 680 1023 ne
696 976 794 1023 animlae

127 1041 222 1103 quidem
233 1041 371 1088 existiment.
394 1041 435 1088 An
446 1055 530 1100 censes,
542 1041 649 1088 eumdem
658 1041 758 1090 vitulum
773 1039 794 1088 si

127 1103 187 1152 elius
204 1105 320 1167 delegerit,
343 1105 392 1152 sinc
410 1105 484 1168 capite
502 1106 567 1166 jecur
587 1105 752 1160 inventurum
774 1103 794 1151 si

127 1169 195 1225 elius,
207 1184 261 1216 cum
271 1169 364 1232 cupite?
382 1169 441 1217 Haec
455 1169 552 1218 decessio
567 1169 655 1232 ospitis,
667 1178 707 1216 sut
721 1183 795 1216 acces-

127 1233 170 1292 sio,
182 1233 286 1280 subitone
296 1233 346 1280 lieri
361 1240 442 1297 potest,
454 1241 481 1281 ut
495 1250 519 1281 se
533 1242 586 1281 exte
600 1233 630 1280 ed
644 1232 795 1281 immolatoris

124 1296 244 1345 fortunam
265 1298 456 1346 accommodent?
484 1298 539 1347 Non
564 1297 698 1362 perspicitis,
720 1297 796 1344 aleem

128 1363 254 1425 quemdem
265 1377 313 1410 esse
323 1363 347 1409 in
358 1362 438 1410 hostiis
452 1362 587 1425 deligendis,
604 1362 729 1425 presertim
740 1375 796 1408 cum

128 1441 166 1474 res
183 1427 234 1490 ipse
249 1426 346 1475 doceat?
371 1427 433 1474 Cum
451 1427 513 1474 enim
530 1427 658 1474 tristissime
676 1435 729 1473 exta
747 1425 797 1474 sine

128 1491 203 1554 capite
223 1491 326 1549 fuerunt,
346 1492 430 1566 quibus
448 1491 507 1538 nihil
528 1491 617 1538 videtur
638 1505 686 1538 esse
706 1489 794 1546 diriusg

129 1555 236 1617 proxima
251 1555 326 1602 hostiis
341 1557 420 1603 htatur
434 1571 493 1618 saepe
507 1555 665 1617 pulcherrime.
690 1553 739 1602 Ubi
752 1553 797 1616 igi-

130 1626 168 1665 tur
181 1619 228 1664 illae
244 1619 314 1666 minae
329 1619 470 1682 superiorum
485 1621 607 1666 extorum?
623 1618 665 1666 ‘eut
679 1633 731 1682 quae
745 1626 795 1666 tom
822 1630 826 1680 j

130 1682 207 1728 subito
217 1681 277 1729 facts
287 1691 322 1730 est
329 1683 433 1730 Deorum
444 1689 507 1730 tante
517 1683 634 1744 piscatio?
760 1720 762 1724 .

127 1775 129 1778 -
162 1745 234 1792 xvl.
251 1746 298 1793 Sed
307 1747 382 1806 effers,
393 1745 418 1792 in
429 1747 489 1794 tauri
499 1747 570 1809 opimi
581 1747 648 1806 extis,
659 1747 795 1794 immolante

129 1808 228 1868 Combe,
243 1823 281 1856 cor
295 1825 342 1857 non
357 1810 441 1867 fuisse3
458 1811 482 1858 id
496 1811 552 1874 quis
566 1825 612 1860 non
626 1811 727 1875 potuerit
737 1812 797 1859 ccci·
836 1841 839 1853 ι

127 1873 190 1932 dere,
201 1882 229 1920 ut
240 1874 288 1922 sine
297 1874 364 1922 corde
376 1875 468 1922 victims
481 1875 523 1923 ills
536 1875 629 1935 viveret,
643 1876 796 1936 judicandum

129 1952 185 1996 esse,
201 1946 252 1985 tum
266 1938 369 1986 interisse
383 1955 429 1998 cor,
441 1955 494 1987 cum
508 1940 680 1988 immolareturs
697 1939 747 1998 Qui
758 1941 794 1999 fle,

128 2009 156 2048 ut
170 2001 268 2049 eltenrm
278 2002 400 2066 intelliges,
411 2003 460 2051 sine
469 2005 536 2052 corde
546 2019 593 2051 non
603 2004 702 2068 potuisse
712 2005 797 2052 bovem

128 2065 218 2122 vivere3
236 2067 334 2114 alterum
344 2083 391 2116 non
402 2068 486 2128 videas,
497 2084 535 2116 cor
543 2068 618 2116 subito
628 2083 674 2116 non
685 2068 795 2130 potuisse,

126 2129 269 2194 nescioquo,
281 2131 390 2180 evolare?
406 2131 459 2195 Ego
473 2133 535 2180 enim
549 2147 642 2196 possum
652 2133 690 2180 vel
700 2132 795 2193 nescire,

129 2209 182 2256 quse
192 2195 227 2242 vis
237 2196 266 2242 sit
280 2196 353 2244 cordis
369 2197 399 2244 ed
411 2197 544 2255 vivendum,
560 2197 596 2244 vel
609 2197 725 2260 suspicari,
741 2211 795 2244 con·

127 2266 217 2306 tactum
234 2261 311 2323 aliquo
328 2263 417 2318 morbo,
433 2262 498 2309 bovis
515 2261 574 2310 exile
590 2270 613 2309 et
629 2261 741 2324 exiguum
758 2262 797 2309 vei

131 2321 218 2370 vietum
226 2339 273 2383 cor,
285 2333 308 2371 et
318 2324 426 2372 dissimile
437 2325 518 2384 cordis,
529 2325 605 2373 fuisse.
630 2325 670 2372 'l'u
679 2325 799 2388 veroquid

129 2385 208 2447 hebes,
220 2403 291 2450 quere
303 2397 378 2452 putes,
390 2390 409 2436 si
424 2390 493 2452 paulo
504 2397 557 2437 ente
567 2405 605 2437 cor
615 2389 684 2437 fuerit
694 2390 719 2436 in
730 2397 799 2438 tauro

129 2450 216 2514 opimo,
225 2453 300 2500 subito
310 2452 335 2500 id
344 2453 370 2500 in
380 2453 431 2516 ipsi.
440 2453 597 2502 immolatione
607 2453 728 2502 interisset
744 2453 798 2514 An,

130 2515 193 2577 quod
203 2515 306 2578 adspexit
317 2518 399 2565 vestitu
413 2533 528 2582 purpureo
542 2519 661 2566 excordem
673 2518 798 2579 Caesarem,

130 2579 179 2646 ipse
195 2579 261 2628 corde
277 2581 378 2672 privatus
392 2582 443 2630 est?
460 2583 548 2630 Urbem
563 2583 712 2658 pbilosopbiae
727 2583 799 2635 (milti

130 2645 207 2704 crede)
219 2645 322 2708 probus,
334 2646 390 2694 dtun
403 2648 494 2696 castella
503 2647 630 2696 defenditis.
655 2648 728 2706 Nam,
739 2646 800 2696 dum
