1862 2964
119 158 166 207 roo
204 137 262 207 'nu
279 154 436 218 unumne,
448 155 508 206 nm.
517 156 569 206 111.
577 157 689 219 omn.

115 285 215 336 Grecohi
224 285 325 334 suerum.
348 285 390 346 Et,
401 294 483 350 preter
493 301 540 347 eos,
548 285 654 350 quumvis
663 297 784 334 enumeres

115 351 201 398 multos
210 350 279 400 lieetr
296 365 351 400 cum
361 350 415 398 deni
425 359 538 409 creantur,
549 350 673 398 nonnullos
684 349 709 396 in
720 349 786 396 omui
832 385 836 388 .

115 415 227 462 memorii
236 415 333 478 reperies
347 415 485 478 perniciosos
496 415 617 470 tribunos;
634 414 704 473 leves,
716 412 787 461 etism

116 480 253 538 umbones,
265 479 359 527 fortusse
369 481 453 542 plures.
470 478 563 526 Invidit
574 478 668 542 quidem
681 491 787 525 summus

116 541 174 588 ordo
190 551 264 590 caret:
282 545 360 606 plebes
374 544 402 590 de
416 559 457 592 suo
472 543 525 603 jure
539 542 676 605 periculosas
692 549 786 589 eonten-

117 605 190 653 tiones
200 608 276 656 uullss
286 607 347 655 fauit.
365 608 532 666 Quamobrem,
547 615 588 656 sut
600 605 707 668 exigendi
722 619 787 667 reges

116 683 163 716 non
174 670 276 732 fuerunt,
283 680 324 720 sut
334 672 396 735 plebi
406 687 439 731 re,
451 686 497 720 non
507 673 585 730 verbo,
592 669 668 716 danda
677 669 786 724 libertast

117 749 170 845 pute
181 745 258 784 temen
268 737 300 783 sie
310 736 363 783 duta
374 743 415 795 est,
427 744 453 782 ut
464 734 543 782 multis
552 733 730 797 preclarissimus
744 733 787 780 sd-

135 799 240 858 iteretur,
252 808 279 847 ut
289 800 417 847 auctoritati
426 797 557 862 principum
567 798 662 845 cederet.

150 862 197 910 XI.
214 864 300 911 Nostro
315 872 393 910 sutem
407 877 482 921 sauss,
495 878 556 926 quse,
565 862 654 925 optime
664 869 687 908 et
700 860 787 910 duleis·

117 925 175 973 sime
185 927 263 985 frater,
279 927 358 974 incidit
372 927 397 974 in
411 927 556 974 tribuniciam
568 934 712 990 potestatem,
727 925 788 972 nihil

118 989 201 1036 hebuit
211 991 360 1054 contentionis
370 1005 424 1038 cum
434 991 560 1039 tribunatu.
583 991 609 1037 N
609 1005 639 1037 on
650 990 712 1038 enim
720 991 787 1052 plebs

115 1053 209 1100 inoitsts
226 1055 308 1102 nostris
326 1056 394 1102 rebus
414 1053 514 1102 inviditr
542 1054 581 1102 sed
603 1054 694 1102 vincula
712 1054 788 1101 solutu

116 1125 180 1176 sunt,
192 1125 214 1164 et
225 1118 315 1166 servitiu
325 1118 426 1177 incitata,
438 1119 546 1179 adjuncto
557 1127 641 1166 terrore
655 1118 725 1166 etism
739 1118 786 1165 mi-

115 1180 183 1228 litsr'r.
207 1182 292 1246 Neque
309 1183 375 1230 nobis
393 1197 448 1232 oum
465 1183 574 1230 illitum
591 1190 654 1246 peste
671 1190 786 1230 oeumen

116 1244 170 1306 fuit,
183 1245 223 1294 sed
232 1261 286 1294 oum
300 1247 434 1310 mensuro
443 1247 574 1310 reipublice
584 1255 700 1310 tempore;
718 1245 756 1293 eui
767 1247 787 1293 si
883 1299 886 1304 ,

116 1323 164 1358 non
179 1311 301 1371 cessissem,
314 1325 360 1360 non
374 1311 510 1359 diumrnum
528 1310 632 1358 beneficii
647 1311 694 1358 mei
711 1310 787 1372 patrio

115 1373 219 1424 fructum
238 1376 334 1424 tulisset.
365 1377 445 1441 Atque
463 1376 508 1423 hoe
524 1375 557 1422 rei
575 1375 651 1423 exitus
669 1374 786 1423 indicavit.

116 1437 177 1497 Quis
192 1439 253 1488 enim
269 1455 315 1489 non
331 1441 399 1488 modo
413 1441 479 1501 liber,
494 1439 534 1486 sed
544 1438 614 1486 etism
624 1453 702 1486 servus
716 1439 787 1487 liber-

118 1511 165 1552 tute
176 1504 328 1566 dignustuit,
340 1505 377 1552 eui
387 1511 464 1552 nostru
473 1504 535 1552 salus
545 1519 597 1550 curs
604 1517 651 1550 non
661 1505 738 1552 esset?

149 1566 220 1624 Quod
231 1568 277 1615 siis
287 1583 352 1616 ossus
358 1567 437 1616 fuisset
445 1582 530 1627 rerum,
542 1583 599 1630 quus
606 1583 648 1631 pro
659 1568 732 1615 salute
742 1567 787 1616 rei·

117 1630 217 1694 publices
233 1631 352 1692 gessimus,
364 1639 447 1678 utnon
461 1632 569 1680 omnibus
578 1640 657 1694 gratus
670 1639 744 1688 esset3
762 1639 785 1679 et

117 1693 137 1740 si
153 1708 194 1740 nos
211 1695 366 1742 multitudinis
381 1695 415 1742 vis
431 1695 527 1742 furentis
543 1695 686 1744 inflammati
699 1695 787 1748 invidit

116 1757 255 1820 pepulissem
273 1758 292 1804 si
302 1758 408 1806 tribunus
418 1758 501 1823 uliquis
512 1759 536 1806 in
547 1775 585 1807 me
594 1760 708 1822 populum
717 1760 787 1814 (siem

116 1819 233 1868 Grsochus
241 1821 265 1867 in
276 1821 403 1883 Isaenstem,
415 1823 553 1871 Saturninus
563 1824 589 1870 in
597 1823 733 1883 Metellum)
748 1825 786 1872 in-

119 1883 226 1941 uitisset3
243 1885 361 1946 terremus,
377 1900 391 1934 o
405 1887 493 1946 Quinte
502 1888 588 1936 frater:
606 1889 787 1936 oonsolsrentur·

115 1961 162 2011 que
176 1963 226 2009 nos,
241 1963 289 1996 non
303 1957 351 1997 tam
365 1951 496 2014 philosophi
511 1952 552 2014 qui
568 1951 669 2000 Athenis
680 1952 784 2014 fuerunt,

117 2011 159 2076 qui
169 2013 212 2060 hoc
222 2013 296 2062 fsoere
304 2014 395 2076 debent,
405 2031 476 2080 quam
487 2015 605 2064 clarissimi
617 2017 667 2076 viri,
679 2017 729 2079 qui,
744 2017 787 2065 int

117 2079 174 2124 urbe
184 2077 254 2140 pulsi,
266 2093 341 2126 cerere
351 2080 441 2142 ingrati
456 2081 553 2138 civitate,
565 2094 637 2144 quam
651 2095 744 2130 munere
760 2082 785 2128 iu

115 2141 230 2205 improbi,
241 2143 379 2192 maluerunt
397 2144 534 2208 Pompeium
545 2157 598 2192 vero
609 2145 671 2208 quod
682 2145 730 2192 uni
739 2145 785 2193 isti

116 2205 141 2253 in
152 2222 176 2252 re
186 2220 232 2254 non
242 2207 276 2255 ite
285 2208 351 2256 valde
362 2211 452 2271 probus,
469 2209 509 2257 vix
519 2208 573 2256 sutis
583 2208 641 2256 mihi
652 2209 711 2256 illud
721 2209 785 2258 vide-2

116 2269 146 2315 ris
158 2271 280 2331 attendere,
292 2285 339 2318 nou
353 2273 428 2319 solum
439 2273 468 2331 ei,
480 2272 537 2336 quid
547 2282 605 2319 esset
614 2273 738 2336 optimum,
750 2275 785 2322 vi·

116 2332 218 2379 (lendum
226 2335 307 2402 fuisse,
319 2335 357 2383 sed
368 2336 438 2383 etium
454 2336 510 2400 quid
520 2336 679 2384 necessarium.
708 2337 784 2387 Sensit
838 2337 843 2342 “

115 2395 178 2442 enim
188 2397 265 2444 deberi
275 2413 322 2446 non
329 2415 394 2462 posse
404 2398 459 2446 huic
469 2399 555 2446 civitati
565 2400 630 2446 iilam
637 2409 782 2462 potestatem.

117 2459 219 2522 Quippe,
239 2477 310 2524 quum
329 2471 445 2525 tantopere
465 2464 565 2526 populus
583 2475 659 2510 noster
679 2464 783 2526 igrotum

115 2525 245 2589 expetisset,
257 2527 299 2588 qui
313 2535 388 2589 posset
402 2541 476 2573 oorere
490 2527 600 2590 cogniti?
617 2527 730 2590 Sapientis
740 2545 783 2576 su·

115 2594 163 2635 tem
173 2587 228 2636 civis
238 2587 292 2649 fuit,
303 2605 403 2649 causam,
415 2604 457 2638 neo
466 2591 624 2654 peniciossm,
632 2599 655 2640 et
665 2593 699 2640 its
705 2606 781 2656 popu,
